3175 5075
291 509 314 573 4
758 526 968 603 episomam

291 687 460 769 poscenti
487 704 551 750 nos
575 686 759 749 rationem
786 687 828 749 de
856 686 930 749 fide
962 690 997 750 et
1024 706 1088 768 spe
1115 704 1206 766 quae
1235 688 1291 747 est
1319 683 1356 746 in
1379 703 1442 748 no·

290 790 348 855 bis
371 794 473 855 tacere
497 791 664 871 noluimus,
688 790 769 871 quod
792 790 914 854 iubetis.
953 791 1078 854 Etenim
1094 790 1287 854 confessione
1309 789 1442 870 repetita

289 896 362 960 licct
387 898 419 959 in
447 896 542 961 oculis
565 896 678 959 uestris
707 896 747 959 sit
773 914 866 959 omne
894 895 975 976 quod
1002 895 1137 958 uiuimus
1166 898 1196 957 et
1222 893 1380 956 constituti
1407 893 1441 955 in

290 1000 362 1063 fidei
375 1001 444 1064 luce
461 1001 548 1064 nulla
563 1000 784 1065 tenebrosae
808 1000 1108 1064 conuersationis
1132 1002 1251 1062 secreta
1273 1000 1440 1077 sectemur,

290 1124 352 1169 non
376 1105 542 1169 abnuimus
565 1108 687 1185 tamon,
710 1107 745 1168 ut
769 1104 864 1167 etiam
886 1104 1099 1187 ignorantibus
1124 1121 1180 1167 nos
1204 1102 1377 1181 satisfieret,
1399 1120 1440 1163 ne
1465 1119 1476 1156 c

290 1210 358 1291 quis
382 1210 414 1273 in
430 1229 486 1275 nos
504 1211 630 1275 credens
648 1210 730 1273 male
746 1210 851 1273 alteris
874 1209 1054 1272 inueniabili
1077 1228 1179 1272 errore
1201 1210 1353 1290 peccaret,
1375 1225 1440 1270 non

289 1319 468 1380 recusantes
497 1317 570 1398 quin
601 1316 882 1380 ostenderemus
913 1333 973 1379 orc
1005 1315 1099 1396 quod
1129 1314 1371 1377 credebamus
1401 1314 1439 1375 in

246 1428 263 1481 2
289 1420 407 1484 corde.
430 1418 439 1507 li
463 1420 612 1501 Quamuis
637 1421 721 1483 enim
743 1420 867 1504 gloriari
894 1420 926 1483 in
949 1420 997 1483 his
1022 1438 1100 1500 quae
1122 1420 1239 1482 fuimus
1263 1436 1326 1482 non
1349 1436 1440 1499 opor-

288 1528 367 1605 teat,
395 1528 501 1589 tamen
529 1544 590 1590 non
618 1526 662 1588 ita
689 1525 820 1590 obscuro
848 1524 921 1588 editi
943 1524 983 1587 ad
1010 1525 1170 1587 saeculum
1191 1524 1259 1588 loco
1282 1526 1337 1585 aut
1362 1522 1439 1585 insi-

288 1631 408 1713 pientes
428 1631 529 1695 uocati
545 1649 664 1710 sumus,
681 1633 716 1693 ut
730 1630 807 1693 fides
825 1629 940 1693 Christi
954 1632 984 1693 et
1000 1629 1128 1693 eruditio
1144 1628 1289 1691 credendi
1304 1630 1439 1691 mortem
1452 1644 1474 1680 1⁰

289 1735 377 1799 nobis
404 1735 507 1817 potius
535 1735 654 1798 adferre
685 1735 820 1816 potuerit
846 1752 941 1815 quam
968 1735 1112 1797 salutem.
1157 1732 1209 1797 Ad
1238 1733 1316 1795 haec
1343 1732 1436 1811 enirn,

287 1842 322 1902 ut
348 1840 407 1921 ipsi
434 1839 579 1919 nouistis,
602 1839 733 1921 peractis
757 1838 903 1901 omnibus
931 1838 1087 1902 humanae
1113 1838 1195 1900 uitae
1219 1837 1437 1919 experimentis

288 1947 319 2007 et
342 1945 496 2007 malorum
519 1947 696 2008 nostrorum
719 1943 1004 2006 conuersationibus
1028 1942 1195 2025 repudiatis
1218 1945 1382 2023 tamquam
1401 1942 1436 2003 in

287 2052 412 2130 portum
436 2067 562 2113 securae
585 2048 694 2130 quietis
717 2047 914 2111 intrauimus.
953 2045 1169 2129 Agnoscentes
1185 2047 1268 2110 enim
1288 2046 1436 2127 quoniam

287 2171 392 2217 nemo
415 2154 487 2217 nisi
515 2173 555 2216 cx
584 2171 677 2233 aqua
700 2155 735 2215 et
763 2152 898 2234 spiritu
925 2155 1053 2216 sancto
1080 2154 1232 2215 renatus
1257 2151 1470 2214 ascende-1⁵

286 2261 343 2321 ret
364 2258 401 2320 in
423 2276 538 2341 regna
558 2258 760 2337 caelorum,
777 2257 1077 2320 castilicauimus
1098 2256 1240 2319 animas
1261 2252 1265 2338 Ι
1285 2259 1433 2319 nostras

287 2362 330 2424 ad
353 2361 626 2425 obaudiendum
652 2361 742 2424 fidei
769 2380 833 2443 per
856 2362 1032 2443 spiritum
1055 2364 1086 2424 ct
1107 2360 1275 2442 repudiatis
1298 2360 1433 2442 prioris

287 2468 387 2531 uitae
410 2467 620 2548 desideriis,
644 2468 680 2529 in
703 2467 836 2550 quibus
861 2466 1188 2546 erubescebamus,
1209 2465 1248 2527 ad
1267 2465 1432 2528 innonatae

286 2574 344 2637 iter
370 2574 488 2657 gratiae
515 2573 683 2637 simbolum
711 2574 856 2637 catolicae
884 2573 1108 2637 obseruationis
1135 2571 1324 2652 accepimus,
1352 2570 1432 2651 quod

389 2799 459 2852 def.
478 2799 521 2852 Es,
541 2801 565 2862 9,
579 2801 603 2853 2.
681 2797 748 2852 lcf.
762 2797 839 2850 Rom.
855 2800 894 2860 10,
910 2800 949 2852 10.
1030 2797 1119 2852 1510.
1143 2799 1209 2860 3,5.
1283 2798 1316 2852 16
1334 2794 1429 2864 castil}

285 2887 306 2940 Ι.
326 2887 397 2940 Pctr.
418 2889 441 2950 1,
461 2889 502 2941 22.
580 2888 611 2940 17
629 2884 735 2954 prioris]
755 2885 777 2938 Ι.
796 2885 867 2937 Pctr.
889 2887 912 2948 1,
933 2885 973 2939 14.
1051 2887 1083 2940 18
1102 2885 1129 2936 in
1148 2882 1230 2952 quib]
1249 2883 1326 2936 Rom.
1346 2886 1370 2945 6,
1388 2886 1427 2937 21.

389 3117 405 3167 9
420 3115 499 3182 sido
513 3113 579 3181 Seu,
590 3113 679 3166 ebruc.
687 3113 727 3180 11,
738 3115 780 3180 46,
790 3115 821 3164 3.·
834 3109 866 3163 ab
875 3109 918 3162 his
928 3109 1110 3162 Priscillianus
1120 3112 1161 3162 est
1170 3109 1318 3173 institutus
1327 3108 1429 3162 familia

284 3200 389 3264 nobilis,
408 3199 546 3268 praediucs
566 3197 668 3267 opibus,
688 3215 754 3261 acer,
774 3198 885 3264 inquies,
908 3197 1048 3260 facundus
1067 3197 1154 3249 multa
1171 3197 1284 3250 lectione
1302 3197 1428 3258 eruditus,

285 3287 431 3341 disserendi
450 3303 480 3339 ac
499 3285 654 3354 disputandi
673 3285 898 3354 promptissimus,
971 3288 1004 3339 13
1022 3287 1152 3339 Haterius
1165 3287 1245 3354 Pict,
1262 3286 1295 3339 de
1306 3286 1370 3338 totu.
1384 3285 1427 3337 lib.

284 3377 307 3444 I,
327 3380 358 3428 3:
379 3375 407 3427 in
431 3374 505 3426 cuius
524 3372 644 3426 bonitate
665 3415 751 3426 .....
770 3375 908 3439 tamquam
927 3371 1062 3424 tutissimo
1081 3371 1132 3425 sibi
1154 3375 1234 3441 portu
1252 3371 1428 3438 familiarique

283 3462 469 3529 requiesceret;
494 3463 538 3515 lib.
557 3461 629 3528 ΧΠ,
649 3466 681 3514 1.-
702 3460 839 3513 tendimus
859 3459 968 3512 tandem
1078 3460 1111 3512 ad
1130 3447 1220 3512 tntum
1239 3476 1344 3512 securae
1367 3457 1427 3510 fidei

282 3549 510 3616 tranquillumque
528 3550 645 3615 portum,
665 3548 699 3600 ad
718 3549 824 3616 optatae
843 3547 939 3614 quictis
958 3546 1054 3602 sinum.

327 3777 343 3830 2
359 3767 565 3844 Nolumus]
579 3773 701 3844 displicet
714 3775 818 3827 mutare
830 3774 859 3826 in
879 3766 1133 3855 NineleUS,
1154 3775 1275 3842 quamuis
1296 3784 1337 3832 υῐ
1353 3789 1427 3842 prae·

283 3931 359 3985 cedat
484 3889 963 4022 lUbfflStelejixliQCSSlotxte,
1007 3942 1064 3992 ete
1089 3935 1174 3985 exstat
1196 3933 1224 3984 in
1247 3948 1351 3994 rasura,
1376 3931 1426 3984 fnit

283 4101 337 4150 es
411 4093 426 4145 5
464 4046 715 4174 Miinsfrenrr,
743 4103 753 4150 r
778 4101 840 4149 exn
871 4106 937 4143 corr.
1016 4079 1174 4168 oneum,
1191 4098 1216 4147 n
1243 4089 1290 4142 un.
1311 4088 1363 4142 uer.

283 4216 315 4268 14
338 4196 511 4292 ΞΕίυΙίᾸΕ,
549 4224 573 4272 Α
602 4214 648 4267 lin.
668 4216 695 4266 et
713 4215 813 4281 puncto
836 4211 887 4264 dcl.
1001 4215 1033 4268 15
1069 4169 1335 4298 Asicercbqsejt,
1374 4209 1425 4263 fuit

282 4353 474 4431 lecenter
585 4373 617 4426 rs
645 4325 916 4445 euosesomiss,
945 4369 998 4422 ns
1023 4378 1042 4429 ε
1069 4368 1106 4434 un
1127 4372 1178 4435 se)
1200 4367 1307 4436 nunctis
1325 4369 1422 4429 notata

281 4475 326 4528 sed
339 4493 392 4528 non
405 4475 632 4543 superscribitur!
707 4478 739 4531 19
757 4458 1062 4551 obsers'unltoruffi,
1089 4485 1257 4541 [pernoram
1276 4483 1333 4531 ext
1359 4487 1423 4524 corr.
