3175 5075
292 512 333 577 78
759 529 967 583 Priscilliani

293 689 376 752 lrune
400 709 468 753 esse
492 690 629 772 primum
653 708 796 753 mensem
820 693 852 753 et
874 690 956 753 diem
980 693 1132 770 nostrum,
1157 707 1219 753 non
1242 690 1276 753 in
1299 708 1362 772 quo
1385 707 1439 771 ap·

292 812 438 877 paremus
462 795 493 857 in
517 795 688 875 saeculnm,
713 794 767 858 sed
790 794 823 857 in
846 811 908 875 quo
931 794 1052 857 deuicto
1072 793 1218 878 Aegypto
1241 794 1323 858 idest
1346 813 1439 876 repn-

292 897 375 962 diato
407 899 523 963 mundo
555 899 662 963 diuina
684 899 717 962 in
748 899 843 962 deum
873 898 1038 962 natiuitate
1067 917 1260 981 reparamur.
1299 898 1440 963 Adtendi

293 1005 398 1066 antem
414 1002 532 1067 lunaris
555 1003 623 1067 ideo
640 1022 748 1067 cursus
765 1004 899 1084 iubetur,
923 1021 985 1067 non
1008 1004 1090 1067 utin
1115 1022 1150 1067 eo
1167 1003 1344 1068 obseruatio
1368 1003 1439 1066 reli-

292 1107 393 1190 gionis
418 1107 467 1189 sit,
493 1109 556 1188 sed,
581 1108 654 1191 quia
676 1108 710 1173 in
733 1126 770 1172 aa
792 1127 872 1190 quae
895 1108 1042 1172 uidentur
1065 1109 1166 1172 omnis
1190 1109 1284 1172 homo
1304 1108 1440 1171 uineitur
1466 1129 1479 1167 s

293 1215 324 1275 et
353 1230 506 1295 germana
537 1213 719 1277 aelementis
750 1230 822 1277 earo
853 1213 963 1277 diebus
995 1216 1026 1276 et
1055 1210 1258 1298 temlporibus
1293 1212 1441 1295 oblegata

292 1320 428 1380 rectores
445 1317 528 1381 orbis
552 1321 706 1381 terrarum
722 1317 796 1381 deos
818 1318 974 1396 aestimat,
997 1318 1175 1381 necessario
1192 1318 1440 1381 aelementorum

293 1421 529 1485 eireumseribta
559 1442 614 1505 per
638 1423 731 1486 deum
762 1422 886 1486 numeri
916 1422 1118 1505 intellegatur
1148 1425 1262 1485 natura
1285 1425 1325 1502 et,
1357 1422 1441 1503 qued

294 1527 446 1590 minuitur
466 1530 520 1591 ant
539 1528 659 1609 erescit,
681 1528 820 1611 primum
835 1528 1001 1610 potestatis
1018 1545 1092 1591 snae
1109 1546 1171 1591 non
1188 1546 1257 1591 esse
1273 1528 1442 1590 eradantur

293 1648 373 1711 quae
396 1633 565 1697 uoluntarii
588 1633 690 1715 operis
722 1650 784 1697 non
808 1632 927 1696 habent
949 1633 1138 1713 libertatem,
1169 1636 1242 1715 post
1265 1632 1441 1714 sapientiae
1457 1652 1480 1689 10

293 1737 461 1801 saeeuleris
485 1738 680 1802 institutione
700 1738 818 1801 raieeta
832 1756 959 1821 eorpore
976 1738 1082 1801 anima
1098 1742 1129 1801 et
1145 1737 1257 1819 spiritu
1277 1738 1309 1799 in
1326 1735 1441 1817 quibus

293 1841 386 1905 homo
412 1842 547 1905 uincitur
574 1842 708 1906 triformi
736 1842 875 1925 decalogi
897 1842 930 1906 in
953 1841 1043 1907 nobis
1065 1844 1134 1925 lege
1158 1844 1301 1923 reparata
1321 1840 1441 1905 mensis

211 1954 269 2006 106
293 1945 348 2010 fiat
379 1946 496 2010 domini
529 1950 560 2011 et
590 1947 739 2010 natiuitas
770 1950 911 2029 tempore
934 1944 942 2032 ll
965 1946 1201 2010 eirenmserilrta
1233 1946 1378 2009 uineatur
1407 1945 1442 2007 in

293 2050 393 2131 nobis,
410 2052 567 2133 quoniam,
585 2052 666 2115 sieut
682 2050 835 2114 soribtum
851 2055 909 2131 est,
926 2051 1148 2115 constitutis
1164 2050 1331 2115 terminis
1352 2068 1442 2132 gen-

292 2155 386 2219 tium
410 2157 616 2220 seeundum
639 2174 812 2220 numeros
836 2156 1066 2239 angelornm,
1090 2174 1161 2218 enm
1185 2155 1302 2218 deeada
1322 2155 1441 2218 saeeuli
1457 2174 1479 2210 1⁵

293 2259 441 2340 uincitur,
473 2260 645 2324 dominicae
670 2260 804 2324 decadae
827 2260 978 2324 mandata
1004 2263 1201 2342 reparantur,
1225 2263 1256 2323 et
1285 2259 1357 2322 inde
1382 2261 1440 2338 est,

292 2364 375 2444 quod
398 2364 430 2427 in
461 2366 609 2448 mysterio
642 2364 760 2429 domini
791 2368 846 2429 aut
868 2365 1007 2428 decimae
1038 2366 1197 2427 fruetuum
1226 2366 1379 2446 petuntur
1407 2363 1441 2425 in

291 2469 362 2552 lege
379 2472 433 2533 aut
456 2468 489 2532 in
504 2469 656 2533 uineendo
673 2468 819 2553 Aegypto
835 2470 874 2533 ad
890 2468 1141 2553 praeparandum
1164 2469 1282 2552 paseha
1297 2467 1440 2531 mensis

293 2575 435 2638 decima
449 2576 637 2657 postulatur,
653 2575 803 2656 qnoniam
820 2575 872 2656 qui
888 2575 920 2638 in
936 2573 1038 2638 tribus
1054 2578 1165 2656 potens
1181 2575 1307 2637 initium
1322 2573 1441 2636 medie-

292 2681 391 2742 tatem
415 2682 445 2742 et
461 2680 764 2743 consummationem
789 2679 898 2742 mundi
913 2680 946 2742 in
969 2699 1002 2741 se
1026 2679 1181 2761 operantis
1206 2676 1353 2762 evieelrit
1378 2696 1441 2741 non
1455 2697 1478 2734 so

292 2785 328 2846 nt
343 2783 541 2866 oblegaretur
557 2787 697 2867 tempore
713 2784 840 2847 uenisse
856 2803 900 2862 se,
925 2784 980 2846 sed
996 2786 1031 2846 ut
1045 2783 1184 2846 uinceret
1198 2783 1395 2865 recognoscit
1411 2785 1441 2844 et

293 2888 421 2952 eredens
439 2890 573 2952 aeternis
594 2888 845 2971 intemporabilis
861 2889 963 2951 faetus
980 2888 1135 2969 intellegit
1150 2887 1231 2967 qnod
1248 2904 1341 2949 omne
1358 2885 1441 2967 quod

293 2994 340 3056 sol
363 2993 424 3055 diei
451 2994 527 3056 luna
550 2994 633 3056 noeti
656 2994 808 3057 minuitur
831 2996 886 3056 aut
909 2993 1021 3056 ereseit
1043 3010 1105 3055 non
1128 2991 1286 3073 inperium
1308 2991 1441 3073 eaptini-

292 3097 366 3161 tatis
390 3100 525 3178 nostrae,
557 3098 612 3160 sed
634 3097 802 3180 operabilis
830 3099 1010 3162 eonstitntio
1033 3097 1073 3160 sit
1103 3099 1242 3174 naturae,
1273 3098 1440 3176 totumque

293 3202 375 3283 quod
399 3202 535 3265 uiximus
558 3203 790 3266 reuertentibus
814 3202 903 3267 nobis
926 3202 965 3266 ad
988 3220 1087 3284 genus
1111 3205 1253 3264 nostrum
1276 3200 1440 3263 necabitur
1453 3220 1477 3257 aa

292 3307 409 3389 paseha
425 3308 551 3386 domini,
568 3325 629 3371 non
646 3326 723 3390 opus
741 3307 859 3386 mundi,
882 3307 962 3370 sieut
978 3306 1129 3369 scribtum
1145 3308 1206 3368 est:
1231 3322 1297 3386 ego
1314 3304 1440 3367 ereaui

294 3430 437 3475 omnem
461 3412 637 3475 militiam
660 3413 755 3475 eaeli
779 3415 815 3474 et
839 3430 910 3474 non
932 3411 1037 3489 iussi,
1068 3413 1107 3473 ut
1129 3409 1338 3472 adoraretis
1363 3409 1405 3471 ei.
1431 3406 1440 3492 ll

400 3594 430 3646 14
450 3593 528 3645 Deut.
546 3595 587 3654 32,
604 3595 627 3648 8.
736 3595 768 3647 18
787 3591 869 3643 Exod.
889 3593 959 3654 12,3
978 3590 1069 3658 (Italam
1093 3590 1195 3642 deoimd
1216 3590 1324 3650 mensis,
1346 3589 1439 3656 Ualg:

294 3679 396 3732 decima
415 3679 456 3732 die
476 3679 592 3746 mensis).
665 3682 698 3733 26
716 3679 779 3732 Hos.
796 3681 836 3741 13,
850 3683 874 3732 4.

337 3868 352 3918 2
381 3845 701 3947 δευΙΕῖοΙΑεςΥρτοι,
732 3862 823 3916 uoeab.
852 3871 932 3932 Αες·
962 3862 1056 3914 minor.
1079 3861 1131 3913 litt.
1156 3861 1245 3928 script.
1356 3865 1371 3916 5
1396 3850 1437 3919 bo

294 3977 500 4098 mg'gtqcm'}
513 4037 627 4089 ⁰0nicias
640 4046 820 4097 ΝυωεκΙΞ
867 4038 899 4090 12
910 4017 1108 4108 δείΑὸἱοίζῑἸ
1121 4035 1188 4101 c(in
1197 4051 1290 4087 uersus
1300 4035 1364 4103 fine)
1374 4051 1436 4087 eras.

294 4199 327 4250 ao
349 4175 750 4283 comskom¹m³aooroem
834 4149 1206 4276 nestolpecc'teesa
1223 4194 1250 4244 et
1269 4201 1309 4249 cc
1323 4208 1374 4244 ras.
1388 4190 1435 4243 der.

339 4281 533 4388 etltcfitlldlt²
544 4301 751 4376 possedisse,
764 4299 838 4351 cuius
847 4298 973 4352 ultimam
983 4298 1102 4351 litteram
1114 4297 1245 4365 posterior
1255 4312 1352 4348 manus
1365 4294 1436 4348 addi-

294 4459 363 4513 disse
373 4459 489 4528 uidetur,
499 4463 577 4512 necat
587 4458 703 4526 spatium
713 4457 797 4510 trium
806 4456 850 4508 uel
860 4460 986 4523 quattuor
995 4455 1145 4508 litterarum
1181 4457 1215 4508 23
1227 4410 1434 4512 ἱυΝΑΕΝοΕῐΙ
