3175 5075
300 516 341 581 12
762 534 973 589 Priscilliani

297 694 493 757 intellectum
516 694 634 777 aperire
655 694 827 758 dictorum:
851 695 950 777 quid,
973 693 1093 776 inquid,
1118 693 1237 757 adhuc
1260 712 1326 777 ego
1349 694 1441 757 iudi-

296 815 366 879 cor,
391 799 549 879 domine,
566 800 650 862 dum
666 799 851 881 corripior
867 802 904 863 et
920 817 1064 883 arguor,
1082 802 1146 862 aut
1162 798 1267 880 quod,
1284 798 1440 878 domine,

296 902 389 968 dabo
419 922 641 987 responsum
672 904 719 967 ad
748 903 842 967 talia
872 903 1003 983 uerba,
1039 922 1120 966 cum
1151 902 1221 966 sim
1251 902 1371 966 nihil?
1400 903 1442 965 Et

296 1011 370 1071 tunc
398 1008 543 1072 dominus
571 1009 667 1071 etiam
697 1007 788 1072 nobis
819 1012 892 1091 post
921 1008 1035 1072 futuris
1064 1008 1103 1071 ad
1133 1006 1380 1090 intellegendum
1408 1026 1441 1070 se

295 1130 372 1194 opus
400 1112 488 1175 uerbi
515 1112 657 1176 tribuens
687 1112 873 1195 parabulam
900 1112 976 1176 dicti
1005 1132 1061 1196 per
1089 1130 1121 1175 se
1142 1109 1147 1196 l
1168 1111 1322 1175 sermonis
1350 1128 1468 1193 expo-5

296 1217 360 1280 suit
375 1218 495 1280 dicens:
527 1217 619 1297 noli,
643 1217 762 1298 inquid,
786 1216 1003 1281 abalienare
1025 1217 1209 1281 iudicium
1231 1234 1352 1279 meum
1375 1235 1442 1279 nec

296 1322 473 1385 aestimes
502 1341 556 1385 me
580 1322 691 1385 aliter
719 1322 935 1385 decreuisse
958 1321 1033 1405 nisi
1059 1324 1100 1385 ut
1122 1324 1161 1385 tu
1184 1320 1310 1385 minus
1334 1339 1442 1403 appa·

294 1445 377 1491 reas
400 1426 583 1501 iniustum
613 1425 676 1489 sed
700 1425 850 1507 suscipe
874 1426 1119 1489 altitudinem
1143 1429 1179 1488 et
1202 1424 1383 1488 uirtutem
1405 1429 1443 1489 et

295 1532 511 1595 claritatem
534 1534 571 1594 et
592 1530 770 1595 honorem
792 1530 961 1604 induere;
989 1530 1161 1611 relinque
1185 1529 1340 1613 angeles
1364 1529 1440 1593 irae

295 1640 331 1699 et
362 1654 505 1700 omnem
540 1636 578 1699 in
613 1638 648 1699 te
682 1636 909 1699 iniuriosum
940 1639 977 1699 et
1012 1634 1213 1718 superbum
1248 1635 1478 1717 extingue31⁰

295 1740 484 1823 disrumpe
512 1759 531 1804 a
557 1745 593 1805 te
622 1741 747 1823 inpios
778 1744 816 1804 et
843 1739 1030 1804 absconde
1061 1740 1099 1803 in
1127 1743 1227 1803 terra
1257 1742 1294 1803 et
1321 1739 1441 1802 facies

295 1864 419 1909 eorum
446 1845 654 1929 ignominia
680 1846 798 1928 reple,
830 1848 871 1908 ut
897 1844 975 1908 sint
1001 1844 1082 1907 sine
1108 1843 1263 1924 honore,
1291 1846 1327 1907 et
1353 1847 1441 1908 tunc

294 1950 543 2014 confiteberis
567 1950 744 2031 quoniam
766 1953 901 2032 potens
929 1952 987 2012 est
1013 1950 1168 2013 dextera
1190 1966 1271 2011 mea
1294 1948 1440 2011 saluere

294 2057 338 2117 te.
368 2054 491 2118 Etiam
511 2072 634 2118 coram
658 2058 693 2118 te
712 2055 792 2117 sera
815 2054 915 2117 sieut
937 2053 1003 2117 bos
1023 2053 1147 2116 factus
1170 2053 1322 2116 faenum
1343 2071 1441 2115 man-

294 2159 415 2238 ducat,
440 2159 546 2222 cuius
570 2159 757 2223 fortitudo
781 2158 819 2222 in
841 2157 981 2222 lumbis
1004 2157 1084 2220 eius
1105 2160 1142 2222 et
1162 2157 1285 2221 uirtus
1309 2157 1347 2220 in
1366 2176 1477 2220 um-15

233 2272 269 2323 13
293 2263 409 2327 bilico
440 2264 588 2327 uentris
619 2268 655 2328 et
685 2263 802 2327 cauda
835 2266 961 2326 erecta
991 2262 1091 2326 sicut
1121 2261 1340 2346 cyparissus
1370 2258 1380 2346 ll
1405 2265 1442 2325 et

294 2370 402 2433 nerui
422 2369 588 2433 contorti
611 2369 710 2432 sicut
730 2369 840 2432 funes
861 2371 896 2431 et
918 2367 1041 2431 latera
1061 2367 1141 2431 eius
1161 2369 1290 2450 petrae
1310 2384 1440 2430 aereae

294 2477 330 2539 et
353 2476 461 2558 spina
483 2474 588 2539 illius
613 2473 711 2537 siout
733 2474 857 2557 paries
881 2473 1036 2553 ferreus
1058 2475 1094 2535 et
1116 2471 1185 2535 hoc
1208 2475 1265 2535 est
1286 2471 1440 2535 initium

292 2581 433 2644 laetum
450 2579 595 2664 angelis
612 2579 655 2642 ad
670 2579 916 2642 inludendum
928 2579 1094 2660 plasmae
1106 2596 1218 2640 meae.
1235 2577 1390 2657 Quaetam
1402 2596 1439 2638 en

292 2685 398 2749 omnia
421 2685 637 2748 scrutantes
661 2683 887 2765 scripturas,
911 2682 1087 2747 beatissimi
1110 2683 1297 2761 sacerdotes,
1321 2682 1438 2745 scimus
1452 2699 1476 2737 20

293 2789 367 2870 quia
392 2793 544 2872 propter
571 2808 637 2852 nos
666 2788 809 2870 scripta
836 2791 937 2867 sunt,
961 2791 1011 2867 ut,
1035 2787 1090 2869 qui
1112 2787 1286 2850 bestiarum
1309 2790 1438 2849 naturas

292 2894 391 2958 dictas
408 2895 442 2958 in
456 2894 616 2977 parabolis
631 2892 797 2976 intellegit,
814 2892 982 2975 repudians
995 2910 1075 2973 quae
1091 2894 1166 2955 sunt
1182 2891 1299 2954 saeculi
1315 2909 1438 2954 morum

292 2999 324 3061 in
353 3018 386 3061 se
415 2999 495 3062 uitia
525 2999 668 3081 castiget,
699 2998 781 3061 sieut
811 2998 965 3061 scribtum
995 3000 1043 3060 est
1070 2997 1103 3060 in
1131 2995 1327 3078 apocalypsi:
1356 3014 1438 3058 ecce

293 3122 424 3185 aquae,
448 3121 539 3184 quas
562 3102 697 3166 uidisti
720 3101 783 3164 ubi
807 3102 912 3166 sedet
936 3101 1128 3180 meretrix,
1152 3100 1282 3182 populi
1305 3103 1342 3164 et
1363 3103 1438 3163 tur-

397 3332 410 3384 1
434 3327 490 3382 leb.
510 3331 552 3392 39,
572 3329 613 3382 34.
684 3330 700 3382 6
723 3326 779 3380 lob.
798 3328 840 3390 40,
859 3329 884 3381 3.
904 3327 990 3382 5-14
1014 3325 1059 3393 (cf.
1083 3327 1229 3394 Speculum
1251 3325 1323 3392 quod
1346 3325 1439 3378 dicunt

291 3418 443 3486 Aepusttrce'
460 3433 486 3484 p.
505 3418 555 3470 437
576 3414 615 3468 ed.
629 3414 783 3482 Weihrich).
877 3417 910 3468 20
930 3413 963 3466 cf.
982 3414 1020 3466 Ic.
1040 3417 1064 3477 5,
1084 3415 1125 3467 39.
1223 3414 1255 3466 21
1275 3411 1297 3465 I.
1317 3411 1436 3466 Corinth.

292 3510 316 3568 9,
337 3508 381 3567 ro;
400 3505 477 3556 Rom.
491 3506 516 3564 4,
530 3505 571 3557 24.
585 3505 630 3562 23;
649 3502 682 3556 cf.
696 3503 835 3571 Hilarius,
849 3502 881 3556 dc
893 3503 956 3556 tria.
967 3503 1004 3570 X,
1015 3506 1048 3555 41
1068 3501 1132 3569 (non
1144 3502 1258 3569 possunt
1276 3516 1330 3552 non
1349 3500 1438 3552 omnia

293 3595 402 3661 prepter
420 3609 467 3644 nos
486 3593 562 3659 gesta
580 3607 635 3644 esse
653 3589 792 3659 intellegi).
867 3593 901 3645 23
919 3589 1000 3658 Apoc.
1022 3592 1062 3653 17,
1083 3592 1123 3644 15.

334 3788 578 3843 assumemus
650 3785 665 3836 7
689 3790 900 3869 introimus
922 3791 1035 3839 orrum
1065 3779 1162 3833 lituris
1180 3751 1271 3848 p'auno
1289 3777 1436 3832 minoribus

292 3924 361 3961 man.
381 3908 395 3959 1
413 3907 442 3960 in
460 3923 553 3960 rasura
570 3905 671 3974 posuit;
690 3921 756 3973 quae
775 3905 831 3958 sint
848 3921 931 3968 erasa,
950 3919 1004 3956 non
1021 3903 1106 3970 liquet
1178 3904 1210 3957 lo
1235 3909 1436 3990 etleltxlelle

292 4067 321 4120 11
344 4022 547 4148 διὲκυωρε,
568 4064 640 4132 prior
660 4075 680 4123 R
698 4063 790 4117 littera
808 4062 911 4116 duabus
929 4061 1006 4114 lineis
1025 4059 1141 4113 obducta
1252 4060 1285 4113 14
1315 4057 1437 4124 etlam]

289 4188 403 4241 fortasse
422 4196 505 4247 ecce
524 4187 601 4241 scrib.
622 4189 669 4252 est,
689 4187 814 4255 Septuag.
834 4182 888 4234 rao
986 4183 1124 4265 factos]
1150 4181 1204 4234 uid.
1233 4179 1314 4234 Arch.
1343 4179 1361 4234 f.
1389 4180 1433 4263 lat.

290 4346 427 4414 nexnogr.
446 4346 497 4410 111,
517 4349 568 4402 315
641 4349 672 4400 15
702 4298 1008 4404 romerseliliubos
1128 4343 1161 4395 16
1194 4342 1246 4426 qr

1246 4345 1433 4426 jporussos

292 4473 323 4526 19
341 4462 489 4554 plasme
560 4472 594 4523 aa
611 4458 819 4551 puraeolm,
844 4477 863 4524 o
887 4483 917 4518 ex
942 4474 963 4522 υ
989 4480 1055 4516 corr.
