3175 5075
265 524 326 588 102
610 541 821 597 Priscilliani
845 544 1010 597 tractatus
1033 542 1065 596 X.

263 699 418 765 redditum
434 718 567 784 eorpus
583 719 653 765 non
672 700 917 765 fornicationi
939 701 1003 765 sed
1026 700 1186 781 domino,
1209 719 1264 785 per
1278 701 1408 765 immor-

263 805 338 868 talia
356 808 592 887 praeceptorum
615 804 713 870 uerba
736 805 881 886 diuisum,
905 806 1036 889 dignum
1058 804 1267 869 tabernaculis
1291 804 1408 869 Christi

263 911 295 973 et
309 909 415 993 gloriis
431 909 554 973 futurae
569 910 804 975 resurrectionis
819 908 982 975 habeatur.
1021 908 1131 991 Sioque
1146 909 1267 974 deuioto
1290 909 1406 973 mundo

262 1014 351 1077 uelut
381 1012 546 1097 subiugato
576 1012 720 1098 Aegypto
750 1015 782 1078 in
813 1013 921 1079 Eiram
955 1017 987 1078 et
1016 1011 1164 1079 Manasse
1193 1013 1406 1079 laborantibus

263 1116 353 1182 datur
380 1118 499 1181 fruetus
523 1136 581 1183 nee
604 1118 682 1183 alius
705 1118 766 1183 nisi
796 1136 837 1183 er
864 1118 956 1183 Iuda
985 1118 1055 1181 dnn
1084 1118 1253 1200 quaeritur,
1283 1118 1431 1200 quandos

264 1222 379 1287 Christi
401 1222 547 1304 passione
563 1221 691 1287 ualeatis
714 1222 791 1287 nihil
815 1222 899 1286 aliud
921 1224 954 1286 in
969 1222 1128 1302 ducatum,
1151 1221 1212 1286 nisi
1233 1222 1316 1304 quod
1331 1223 1406 1286 deus

182 1333 238 1387 141
265 1327 297 1391 in
327 1343 455 1391 earnem
484 1327 593 1391 uenire
622 1327 730 1407 uoluit,
760 1324 927 1411 inlinemtnr
957 1344 1015 1391 neo
1044 1326 1105 1391 alia
1133 1327 1406 1409 perseuerantibus

265 1450 336 1513 spes
361 1434 418 1511 est,
449 1431 509 1495 nisi
531 1433 567 1495 ut
588 1432 888 1496 circumuersura
911 1431 1020 1495 mundi
1045 1431 1127 1495 idest
1148 1430 1295 1514 perfidiae
1325 1435 1408 1496 terra

263 1534 418 1616 uineatur,
440 1539 477 1600 ut
492 1536 737 1600 calciamento
754 1534 889 1619 pedum
912 1534 1029 1601 domini
1043 1536 1102 1601 hoo
1121 1539 1170 1600 est
1185 1536 1407 1620 euuangelio
1493 1574 1497 1579 ·

264 1640 366 1723 paeis
390 1642 515 1705 ostenso
539 1640 708 1705 distruatur
724 1640 847 1724 Dagon,
871 1658 948 1724 opus
964 1640 1091 1721 saeouli,
1107 1644 1139 1705 et
1154 1639 1298 1705 absoluta
1311 1643 1444 1705 testa-10

264 1744 363 1809 menti
378 1762 459 1824 aroa,
483 1744 565 1826 quod
587 1763 644 1810 nos
668 1763 787 1825 sumus,
810 1743 1009 1810 Allofilornm
1031 1745 1135 1811 aliena
1150 1744 1350 1809 suadentium
1364 1747 1408 1810 lo-

264 1849 369 1931 quella
384 1851 558 1931 superetur,
580 1846 652 1933 (ut),
675 1849 781 1930 quiea
801 1867 881 1931 quae
903 1850 936 1913 in
958 1849 1137 1933 regionibus
1151 1850 1263 1933 posita,
1285 1850 1319 1913 in
1333 1850 1407 1914 loeis

264 1952 356 2034 diota,
379 1954 413 2017 in
427 1953 552 2037 regibus
574 1957 648 2018 sunt
662 1953 840 2037 praedicata
855 1954 1046 2038 cognouerit,
1068 1953 1215 2019 uitiorum
1237 1955 1270 2019 in
1289 1973 1323 2018 se
1342 1955 1411 2018 loea-

263 2076 361 2142 regna
382 2059 524 2141 regiones
548 2058 743 2142 disciplinato
766 2076 859 2142 opere
878 2055 1064 2143 deninleens,
1084 2059 1144 2125 etsi
1161 2058 1352 2142 prolatatum
1371 2059 1408 2123 de

265 2163 321 2227 deo
345 2162 518 2246 intellegat,
542 2162 601 2227 sibi
619 2166 727 2227 tamen
742 2164 831 2228 uelut
845 2162 1002 2245 quoddam
1016 2164 1099 2228 uitae
1115 2164 1339 2247 exemplarium
1354 2182 1407 2246 po-
1420 2183 1441 2222 15

264 2268 360 2332 situm
375 2270 585 2350 recognoscat,
609 2267 757 2349 quoniam
772 2266 812 2332 ab
834 2267 922 2333 initio
944 2287 1043 2350 usque
1067 2269 1106 2333 ad
1128 2267 1223 2331 finem
1245 2268 1406 2333 uenientes

263 2373 296 2435 in
318 2371 402 2435 hune
425 2371 578 2435 mnndum
600 2371 681 2436 siout
702 2372 797 2437 unitis
820 2373 958 2437 malitiae
985 2372 1044 2437 uiis
1071 2372 1219 2453 fallimur,
1249 2372 1294 2436 ita
1322 2373 1406 2437 unita

263 2475 324 2541 lide
348 2478 381 2541 et
402 2476 590 2542 eorrectione
615 2476 783 2543 salnamur.

369 2685 383 2738 1
402 2682 424 2736 l.
438 2680 496 2738 Cor.
511 2685 534 2746 6,
550 2685 589 2738 13.
661 2687 677 2739 5
696 2682 729 2738 of.
743 2683 865 2748 (111149,
880 2687 925 2748 10;
947 2684 1044 2740 natan.
1057 2687 1082 2748 2,
1096 2687 1112 2739 6
1130 2684 1169 2753 (et
1186 2701 1267 2753 supra
1286 2685 1405 2753 10116).

264 2774 282 2826 8
300 2770 490 2834 cf.Ps.59,11
510 2769 632 2840 (περιοχή,
650 2770 732 2826 Itala:
752 2772 972 2841 eircumstantia).
1026 2774 1043 2826 9
1062 2771 1213 2840 eillphd,
1229 2775 1269 2828 15.

236 3073 237 3076 Ἴ
310 2977 825 3077 1formicanoro'os',snn.der.
910 2940 1094 3080 aquu'ssq'oo
1183 2990 1408 3086 motorumj

266 3105 298 3159 12
323 3112 364 3161 ot
389 3100 463 3156 deest
564 3103 596 3156 17
622 3110 761 3162 orsitus
860 3083 1335 3164 1esuoamoihnac1utos
1362 3093 1405 3164 nh

263 3185 716 3291 populom'sxplocorocopot
735 3190 946 3270 eeue'ucuo
965 3188 1230 3292 superaddes*
