3175 5075
656 545 824 595 tractatus
842 542 889 596 VI.
1279 528 1319 591 'll

174 699 320 781 operibus
347 701 450 763 inbuti
474 702 639 764 sollemnia
665 702 807 785 paschae
831 702 976 766 caelestis
1009 703 1163 766 intremus
1187 706 1219 767 et
1243 704 1321 767 enci-

174 805 234 867 tati
258 824 293 867 eu
314 807 425 885 morte,
450 805 574 869 Christo
590 825 645 888 pro
670 806 759 869 nobis
784 826 820 869 ox
836 806 1062 871 inmortalitate
1085 807 1249 888 moriente,
1271 809 1320 871 in-

173 910 360 991 tellegamus
384 910 465 991 quod
489 910 612 973 factus
635 929 699 993 pro
720 910 829 974 nobis
845 911 979 991 omnia,
1003 912 1077 974 dum
1093 910 1128 973 in
1146 911 1320 977 oblationes

173 1033 247 1077 suas
264 1014 330 1077 rlies
347 1034 472 1078 menses
489 1016 606 1079 formas
622 1034 782 1098 pecorum,
807 1015 994 1079 animalium
1012 1020 1153 1096 naturas,
1174 1017 1319 1082 differen-

146 1136 157 1174 ⁵
172 1120 234 1182 tias
251 1119 408 1199 arborum,
425 1121 545 1183 tructus
562 1124 758 1184 terrenorum
775 1120 934 1184 seminum
948 1121 1058 1203 poscit,
1075 1139 1137 1185 non
1153 1140 1234 1203 quae
1246 1125 1320 1186 sunt

172 1225 419 1287 aelementorum
450 1228 505 1288 aut
536 1228 660 1288 terrena
691 1225 860 1305 desiderat,
895 1226 951 1289 sed
982 1226 1105 1289 omnia
1139 1245 1205 1291 sua
1238 1246 1318 1291 esse

171 1326 1381 1415 mmmmmmmmmmmmmmpmwe

170 1434 255 1515 quod
279 1437 308 1497 et
331 1434 398 1517 ipse
421 1454 477 1516 pro
501 1434 590 1498 nohis
614 1452 727 1517 passus
751 1435 783 1498 in
807 1453 899 1499 carne
921 1439 979 1515 est,
1002 1436 1034 1498 in
1058 1436 1222 1500 triumfum
1245 1456 1318 1519 pec-

169 1539 233 1603 cati
258 1539 414 1621 operantis
439 1539 576 1621 exposcit
599 1547 629 1603 et
652 1559 707 1622 per
730 1540 870 1603 omnium
893 1559 1000 1603 rerum
1022 1544 1136 1605 natura
1157 1543 1260 1605 totum
1284 1561 1317 1604 se

132 1658 155 1695 10
169 1644 300 1725 loqueos
332 1662 393 1707 non
417 1646 484 1707 tam
515 1644 574 1708 coli
597 1646 667 1708 uult
697 1644 808 1708 mundi
836 1645 981 1708 instituta
1003 1663 1099 1726 quam
1130 1645 1250 1726 distrui,
1282 1648 1318 1709 ut

168 1750 391 1813 manifestetur
421 1748 504 1829 quod
535 1748 684 1813 scribtum
718 1752 779 1812 est:
813 1749 920 1812 homo
948 1768 1029 1812 cum
1061 1752 1163 1813 esset
1191 1750 1227 1813 in
1258 1750 1318 1813 ho-

168 1872 268 1933 nore,
293 1872 363 1916 ncn
385 1853 626 1919 intellexitet
643 1853 884 1917 adsimilatus
909 1854 1171 1917 estiumeotis.
1201 1853 1317 1934 Quam-

168 1958 215 2021 uis
253 1958 337 2020 enim
372 1958 469 2021 diuini
504 1958 605 2041 gratia
639 1956 834 2022 sacramenti
870 1958 1027 2040 paschalis
1061 1959 1204 2039 mysterii
1238 1978 1316 2041 opus

167 2062 306 2145 dirigens
339 2066 370 2126 et
400 2063 582 2126 testamenti
613 2064 727 2127 ueteris
759 2064 829 2145 lege
858 2062 1034 2145 praemissa
1055 2064 1142 2126 uelut
1171 2063 1317 2127 futorum

132 2187 154 2225 15
168 2167 282 2231 salutis
303 2170 428 2231 nostrae
447 2164 449 2252 l
467 2168 526 2231 iter·
549 2171 733 2231 construens
757 2167 915 2231 uenientis
937 2167 970 2229 in
985 2185 1102 2230 nouam
1125 2168 1229 2230 lucem
1243 2187 1316 2250 pas·

167 2273 231 2335 suri
258 2272 307 2335 dei
335 2273 507 2363 ponstituat
529 2274 708 2355 ingressum
739 2275 770 2336 et
792 2273 826 2336 in
856 2272 1128 2355 praeparationem
1158 2273 1316 2355 paschalis

167 2377 227 2440 diei
261 2377 358 2441 occidi
390 2396 507 2461 agnum
533 2378 673 2460 postulet
700 2377 831 2460 loquens
860 2376 1022 2441 Christum
1051 2377 1172 2458 hocque
1199 2378 1316 2459 pascha

166 2481 294 2562 domini,
325 2482 402 2547 illud
426 2481 542 2547 Christi
572 2482 733 2548 inmolatio
765 2485 963 2565 nuncupetur
986 2500 1023 2546 ac
1054 2481 1131 2546 satis
1155 2500 1174 2545 a
1204 2502 1238 2546 se
1269 2483 1315 2546 di-

168 2607 297 2651 uersum
322 2590 362 2652 sit
385 2607 479 2671 pecus
503 2591 605 2652 terrae
629 2592 661 2652 et
684 2588 760 2651 deus
781 2588 908 2670 gloriae,
932 2587 1083 2668 quoniam
1106 2587 1233 2669 quidem
1256 2587 1315 2650 hoc

131 2695 329 2757 soterrenum
353 2694 484 2757 mortale
508 2692 675 2756 deciduum
700 2696 731 2756 et
752 2693 785 2756 in
813 2711 906 2755 usum
930 2692 1058 2756 formati
1081 2692 1198 2755 saeculi
1225 2710 1315 2774 prae-

168 2801 255 2879 cepto
289 2798 414 2862 animae
445 2798 580 2862 uiuentis
613 2799 787 2862 animatum
819 2801 880 2877 est,
916 2796 1058 2861 Christus
1091 2800 1196 2860 autem
1228 2797 1314 2880 origo

167 2903 308 2966 omnium
337 2907 420 2967 totus
443 2904 475 2966 in
500 2923 569 2966 sese
593 2922 651 2966 nee
679 2903 762 2984 quod
791 2905 840 2966 est
863 2901 988 2965 aliunde
1016 2920 1221 2985 praesumens
1246 2903 1314 2966 sine

167 3003 336 3090 prinlleipio,
369 3007 436 3070 sine
460 3007 531 3086 fine,
563 3026 657 3088 quem
682 3007 708 3070 si
739 3027 794 3089 per
817 3006 966 3070 uniuersa
995 3007 1183 3087 consideres,
1214 3026 1313 3070 unum
1338 3013 1376 3065 95

169 3111 308 3174 inuenies
332 3111 364 3173 in
388 3111 461 3174 totis
486 3114 518 3174 et
541 3111 664 3174 facilius
689 3112 726 3173 de
751 3129 786 3175 eo
811 3129 913 3175 sermo
937 3110 1061 3175 deficiet
1076 3130 1170 3192 quam
1191 3115 1312 3192 natura,

270 3295 286 3347 3
309 3291 342 3345 cf.
366 3292 388 3346 I.
406 3290 465 3345 Cor,
483 3296 507 3360 9,
525 3295 558 3346 22
584 3295 610 3345 et
632 3293 716 3346 Prisc.
735 3308 790 3345 can.
809 3292 879 3346 XLI.
994 3295 1011 3347 6
1034 3292 1067 3345 cf.
1090 3293 1188 3347 Matth.
1206 3296 1248 3357 28,
1269 3297 1313 3356 18;

168 3379 204 3431 Io.
219 3382 258 3442 16,
274 3381 313 3434 15.
387 3383 417 3434 11
437 3379 481 3432 Ps.
494 3381 536 3443 48,
552 3382 595 3442 13;
615 3379 647 3432 cf.
662 3381 804 3448 Philostr,
824 3380 856 3433 de
873 3381 983 3448 haeres,
996 3398 1017 3435 c.
1031 3385 1090 3434 100.

271 3548 282 3599 1
305 3545 443 3612 Hilarius,
464 3545 495 3598 de
508 3546 572 3598 trin.
586 3547 609 3613 I,
623 3549 671 3597 13.-
688 3545 745 3612 ipso
762 3561 811 3613 pro
824 3544 901 3597 nobis
915 3561 945 3597 ex
957 3545 1161 3598 immortalitate
1174 3546 1312 3608 moriente,

169 3633 215 3682 ut.
230 3674 235 3683 ,
251 3674 255 3683 .
269 3648 330 3684 curn
349 3647 378 3684 eo
398 3632 573 3684 excitaremur·
592 3648 621 3684 ex
640 3634 733 3684 morte.
806 3634 840 3686 24
858 3633 928 3700 Hit,
952 3633 984 3686 dc
1002 3634 1066 3686 trin.
1086 3634 1158 3701 11,o
1175 3639 1200 3687 et
1218 3640 1314 3688 contra

173 3716 258 3772 Ocnst.
278 3720 341 3786 inrp.
363 3737 383 3773 c.
402 3723 450 3772 28:
474 3735 560 3770 sermo
578 3718 607 3770 in
626 3734 655 3770 eo
675 3717 789 3782 deficiet,
807 3735 861 3771 non
879 3722 976 3771 natura
994 3718 1140 3772 claudetur.

212 3866 437 3988 rsoiemrsra
534 3885 632 3989 rtis
732 3886 910 3988 maroaaS
969 3930 1311 4009 sueaa.,eratfenn.

170 4031 257 4083 cerat
276 4015 566 4091 tomorssraarssl
647 4037 662 4089 8
683 4041 854 4120 canisae„
878 4045 884 4092 ι
905 4050 956 4085 ras.
976 4032 1026 4086 del.
1111 4035 1127 4087 9
1148 4032 1313 4100 mamas]

170 4133 220 4186 uid.
234 4139 256 4198 5,
270 4139 297 4199 o;
312 4139 352 4199 15,
365 4140 411 4199 20;
424 4139 466 4201 20,
481 4140 512 4192 13
519 4157 525 4200 ς
539 4141 579 4200 75,
594 4141 609 4192 2
623 4141 649 4190 et
665 4141 696 4193 17
710 4139 742 4190 al.
759 4137 791 4190 de
804 4138 894 4190 littera
906 4139 935 4190 M
948 4153 1073 4206 oppressa
1127 4141 1159 4192 12
1179 4125 1309 4196 ΑδΞΙωΙ

173 4280 254 4350 turos
273 4292 354 4346 fuisse
373 4293 480 4346 uidetur
570 4296 601 4349 13
619 4284 831 4382 paschate
921 4297 953 4349 18
972 4297 1029 4347 eras
1049 4254 1264 4371 tremiliaco,
1286 4303 1311 4352 a

172 4479 217 4517 ras.
240 4465 287 4520 1111.
392 4470 423 4524 lo
442 4407 667 4530 senesiieos
738 4471 770 4524 21
794 4408 988 4548 asceteria,
1010 4477 1029 4528 ε
1047 4469 1084 4536 (in
1104 4470 1171 4535 tes)
1189 4484 1239 4520 ras.
1260 4466 1309 4520 del.
