3175 5075
63 1352 79 1394 ἢ

633 499 802 551 tractatus
820 498 857 552 II.
1276 481 1318 544 39

169 673 239 735 quc
263 674 354 737 quae
375 657 532 720 interra
555 658 727 721 deorsum
751 676 871 738 neque
894 654 1014 743 (quae)
1038 656 1105 720 sub
1130 658 1236 738 aquis
1260 675 1318 721 ne-

169 777 239 841 que
267 778 360 840 quae
389 761 455 824 sulo
484 765 594 826 terra.
627 762 703 843 Quis
732 762 823 826 uellit
849 761 1100 826 Nouatianorum
1125 760 1320 844 baptismata

168 865 319 947 repetita,
354 884 426 929 cum
463 866 616 930 scribtum
647 868 705 931 sit:
743 884 817 931 nna
850 867 948 931 fides
982 884 1095 929 unum
1129 864 1319 949 baptisma

168 987 264 1032 unus
292 970 390 1035 deus.
424 970 563 1051 Quarum
590 975 697 1035 tamen
726 975 884 1036 sectarum
910 970 1130 1034 infelicitatem
1157 973 1238 1033 teste
1262 969 1317 1033 deo

141 1073 296 1139 oOhristo
320 1076 393 1157 qnia
417 1074 591 1141 1111111111
615 1078 713 1161 uulgi,
737 1094 800 1141 non
825 1096 860 1139 111
883 1076 991 1159 aliqua
1013 1075 1222 1139 contentionis
1245 1093 1318 1139 cou-

166 1179 287 1243 latione
303 1178 536 1265 cognoluimus,
561 1182 635 1263 quia
658 1201 739 1246 cum
762 1182 821 1244 1111
844 1182 896 1245 nel
919 1180 1165 1244 contendisse
1188 1198 1316 1263 peccare

167 1286 226 1363 111,
244 1302 344 1347 unum
360 1283 419 1348 hoo
436 1286 570 1349 scientes
592 1286 675 1367 quod
692 1286 745 1368 qui
766 1286 828 1350 sibi
848 1289 1006 1349 sectarum
1026 1303 1141 1349 nomen
1163 1285 1319 1367 inponunt

167 1386 340 1453 Christiani
361 1406 477 1453 nomen
493 1391 658 1454 amittunt:
682 1391 765 1454 inter
781 1409 860 1472 qnae
884 1394 990 1454 tamen
1007 1390 1113 1453 omnia
1127 1388 1318 1470 Mammeos,

166 1493 232 1557 iam
257 1511 320 1557 nou
343 1493 513 1575 hereticos,
538 1495 593 1557 sed
615 1495 798 1559 idololatras
822 1498 854 1559 et
876 1494 1036 1559 maleficos
1059 1511 1167 1558 seruos
1182 1493 1263 1559 Solis
1286 1498 1318 1558 et

128 1596 287 1678 1111111111,
319 1598 503 1663 inuictiaoos
531 1600 698 1663 daemones
731 1618 803 1663 oum
834 1599 981 1663 omnibus
1012 1597 1192 1663 auctoribus
1223 1600 1317 1663 sectis

166 1702 309 1767 moribus
343 1702 498 1768 institutis
531 1703 620 1767 libris
653 1704 832 1769 doctoribus
863 1705 1087 1788 discipulisque
1119 1704 1317 1784 damnamus,

165 1808 241 1888 quia
269 1808 306 1871 de
337 1808 387 1871 his
418 1808 572 1873 scribtum
602 1812 668 1873 est:
700 1828 781 1873 cum
811 1810 879 1874 tali
911 1828 977 1873 nec
1007 1809 1157 1891 quidem
1190 1807 1317 1872 cibum

166 1930 323 1975 sumere.
346 1911 446 1976 Nobis
471 1914 555 1977 enim
573 1913 716 1978 Christus
737 1915 814 1978 deus
830 1915 880 1977 dei
900 1913 984 1977 filius
1004 1932 1116 1997 passus
1136 1913 1170 1976 in
1190 1930 1316 1976 carnem

167 2017 344 2080 secundum
367 2015 462 2081 fidem
490 2018 624 2101 symboli
651 2018 819 2101 baptizatis
848 2021 880 2082 et
906 2018 1014 2082 electis
1042 2018 1081 2081 ad
1108 2018 1317 2082 sacerdotium

129 2138 152 2177 1⁵
166 2121 199 2185 in
215 2122 346 2185 nomine
361 2123 459 2206 patris
484 2126 516 2187 et
538 2122 583 2187 fili
607 2127 638 2187 et
661 2124 790 2207 spiritns
815 2124 914 2187 sauct'
939 2126 1007 2188 tota
1028 2119 1315 2207 11111111111111111,

165 2227 234 2289 tota
257 2228 419 2291 ueneratio
444 2230 501 2291 est.

208 2330 247 2394 In
273 2329 332 2395 hac
353 2351 425 2415 crgo
449 2333 582 2396 ueritate
606 2333 678 2397 fidei
706 2334 792 2398 etin
820 2332 880 2396 hac
904 2332 1106 2415 simplicitate
1134 2330 1316 2395 uiuentibus

164 2433 257 2499 nobis
284 2454 303 2499 a
325 2436 618 2521 caesaraugustana
642 2438 783 2520 synhodo
806 2436 963 2519 Hydatius
985 2437 1077 2516 redit,
1106 2436 1185 2500 nihil
1208 2439 1317 2501 contra

165 2559 223 2604 nos
238 2542 389 2624 referens,
414 2543 528 2626 quippe
544 2561 621 2625 quos
642 2544 755 2627 etipse
776 2544 809 2607 in
825 2543 947 2607 eclesiis
964 2543 1080 2607 nostris
1097 2561 1204 2606 secum
1220 2542 1317 2606 etiam

128 2665 152 2704 ro
165 2648 437 2711 communicantes
461 2649 630 2712 demiserat
658 2651 689 2711 et
712 2666 789 2730 quos
819 2665 911 2711 nemo
934 2666 991 2711 nec
1019 2647 1166 2710 absentes
1189 2646 1317 2727 quidem

164 2755 371 2834 praesumpta
393 2753 592 2816 accusatione
609 2754 823 2817 damnauerat.
848 2751 908 2818 Sed
924 2754 960 2816 ut
983 2752 1063 2815 sciat
1086 2769 1199 2815 corona
1222 2770 1317 2814 uene-

164 2855 337 2920 rabilitatis
360 2859 448 2937 tuae,
472 2857 554 2921 unde
578 2857 854 2921 excandescentiac
877 2857 944 2919 eius
968 2856 1069 2936 dolor,
1098 2856 1180 2919 unde
1203 2854 1316 2919 debac-

165 2978 241 3024 cans
259 2964 326 3025 toto
349 2961 423 3026 orbe
440 2962 536 3026 etiam
551 2963 583 3025 in
600 2962 730 3026 eclesias
747 2962 833 3025 furor
848 2961 957 3025 fuerit:
981 2979 1127 3024 reuersus
1143 2979 1160 3023 e
1176 2959 1315 3042 synhodo

166 3069 197 3130 11
216 3067 250 3130 in
276 3067 379 3130 media
402 3067 516 3130 eclesia
539 3067 650 3131 sedens
673 3087 744 3130 reus
766 3085 784 3130 1
803 3066 985 3149 presbytero
1009 3083 1065 3129 sno
1089 3065 1167 3128 actis
1188 3065 1316 3128 eclesie·

129 3172 253 3236 11111111
279 3171 410 3254 pet'tur3
436 3172 527 3236 datur
551 3173 647 3236 etiam
668 3175 741 3255 post
760 3169 764 3255 Ι
785 3171 852 3234 dies
874 3189 989 3254 paruos
1005 3171 1038 3234 in
1054 3169 1176 3233 eclesiis
1200 3170 1315 3233 nostris

166 3293 184 3339 a
200 3275 391 3358 quibusdam
409 3276 535 3341 libellus
558 3281 589 3342 et
609 3277 764 3341 deteriora
787 3294 882 3358 quam
902 3277 988 3359 prius
1010 3274 1244 3358 apraesbytero
1261 3273 1315 3338 ob-

166 3380 247 3445 iecta
270 3381 397 3445 fuerant
419 3381 636 3465 obponuntur;
666 3384 834 3465 segregant
857 3400 891 3444 se
915 3380 952 3443 de
975 3380 1095 3443 clericis
1118 3379 1217 3462 ipsius
1245 3380 1316 3461 plu-

165 3486 247 3566 rimi,
270 3485 453 3568 profitentes
473 3505 536 3550 non
556 3486 617 3550 nisi
636 3489 770 3570 purgato
792 3486 945 3550 sacerdoti
965 3504 999 3548 se
1019 3484 1313 3549 communicaturos.

271 3661 288 3714 3
305 3658 372 3728 Eph.
392 3661 416 3723 4,
436 3661 460 3714 5.
532 3663 548 3713 6
567 3658 850 3724 11.Ρ11111111.24,19.
924 3658 995 3714 121.
1016 3656 1075 3712 Cor.
1095 3660 1119 3722 5,
1139 3660 1179 3713 11.

271 3801 304 3853 24
323 3798 356 3852 cf.
376 3800 516 3868 Hilarius,
535 3800 568 3854 dc
585 3801 649 3854 trin.
664 3800 715 3868 IV,
728 3803 771 3854 12:
793 3798 883 3852 media
906 3799 935 3851 in
957 3796 1066 3851 ecclesia
1089 3799 1116 3850 et
1138 3797 1167 3850 in
1190 3813 1315 3851 consessu

167 3884 291 3950 fratrum,
309 3885 362 3939 uid.
383 3887 462 3940 etiam
481 3891 516 3940 13
534 3889 561 3940 11
582 3887 630 3954 VI,
650 3889 674 3940 5.
694 3889 717 3940 6.

220 4045 233 4098 1
264 4052 362 4126 qUAe
379 4044 450 4109 (11111
469 4045 548 4110 sub)
571 4043 645 4095 deest
667 4043 695 4095 iu
718 4042 815 4105 codiee,
840 4041 887 4095 sed
905 4045 990 4096 exstat
1012 4042 1170 4095 antecedens
1188 4057 1239 4094 uox
1260 4051 1316 4102 Νε

169 4157 238 4230 que
266 4147 294 4200 in
312 4165 404 4200 uersus
422 4147 475 4200 fine
550 4149 566 4202 2
594 4140 704 4216 [jeliu]
727 4146 840 4200 scribere
862 4139 952 4208 uelit
974 4163 1028 4200 non
1050 4147 1138 4216 placet
1215 4149 1247 4202 10
1268 4157 1312 4205 ΙΝ

171 4253 357 4320 orcrracos]
374 4252 551 4321 legendumne
573 4253 815 4314 rrooecocros?
919 4255 951 4308 13
972 4233 1153 4319 cau'roem]
1175 4251 1229 4304 uid.
1249 4266 1315 4318 quae

169 4357 200 4410 de
217 4357 270 4411 litt.
284 4357 313 4410 M
329 4359 472 4427 parasitica
491 4359 544 4412 dixi
557 4359 585 4412 iu
603 4359 775 4427 praefationis
795 4358 880 4426 capite
899 4359 928 4411 H
981 4359 1016 4412 24
1033 4356 1062 4409 F.
1076 4355 1155 4410 Loofs
1173 4356 1202 4408 in
1214 4354 1313 4408 ‘Theol

168 4444 416 4514 Literaturzeitung'
436 4446 486 4514 (ed.
500 4446 636 4514 Hernack)
656 4449 731 4511 1886,
750 4445 798 4499 col.
813 4447 864 4500 395
883 4444 996 4498 coniecit
1014 4441 1194 4512 ‘presbyterio'
