<?xml version="1.0" encoding="UTF-8"?>
<!DOCTYPE html PUBLIC "-//W3C//DTD XHTML 1.0 Transitional//EN"
    "http://www.w3.org/TR/xhtml1/DTD/xhtml1-transitional.dtd">
<html xmlns="http://www.w3.org/1999/xhtml" xml:lang="en" lang="en">
 <head>
  <title>
</title>
<meta http-equiv="Content-Type" content="text/html;charset=utf-8" />
  <meta name='ocr-system' content='tesseract 3.04.00' />
  <meta name='ocr-capabilities' content='ocr_page ocr_carea ocr_par ocr_line ocrx_word'/>
</head>
<body>
  <div class='ocr_page' id='page_1' title='image "./corpusscriptoru01wissgoog_0202.png"; bbox 0 0 3175 5075; ppageno 0'>
   <div class='ocr_carea' id='block_1_1' title="bbox 577 522 1327 598">
    <p class='ocr_par' dir='ltr' id='par_1_1' title="bbox 577 522 1327 598">
     <span class='ocr_line' id='line_1_1' title="bbox 577 522 1327 598; baseline -0.012 -2"><span class='ocrx_word' id='word_1_1' title='bbox 577 555 582 561; x_wconf 85' lang='lat'><em>·</em></span> <span class='ocrx_word' id='word_1_2' title='bbox 607 540 908 598; x_wconf 82' lang='lat' dir='ltr'>Commonitorium.</span> <span class='ocrx_word' id='word_1_3' title='bbox 1266 522 1327 588; x_wconf 85' lang='lat'>153</span> 
     </span>
    </p>
   </div>
   <div class='ocr_carea' id='block_1_2' title="bbox 126 698 1405 2866">
    <p class='ocr_par' dir='ltr' id='par_1_2' title="bbox 181 698 1329 1096">
     <span class='ocr_line' id='line_1_2' title="bbox 226 698 1329 784; baseline -0.004 -19"><span class='ocrx_word' id='word_1_4' title='bbox 226 701 256 766; x_wconf 78' lang='lat'>2.</span> <span class='ocrx_word' id='word_1_5' title='bbox 279 700 497 765; x_wconf 78' lang='lat' dir='ltr'>Priscillianus</span> <span class='ocrx_word' id='word_1_6' title='bbox 519 702 657 784; x_wconf 89' lang='lat' dir='ltr'>primum</span> <span class='ocrx_word' id='word_1_7' title='bbox 679 702 713 765; x_wconf 89' lang='lat' dir='ltr'>in</span> <span class='ocrx_word' id='word_1_8' title='bbox 736 718 772 765; x_wconf 91' lang='lat' dir='ltr'>eo</span> <span class='ocrx_word' id='word_1_9' title='bbox 794 700 989 763; x_wconf 88' lang='lat' dir='ltr'>Manichaeis</span> <span class='ocrx_word' id='word_1_10' title='bbox 1012 698 1164 777; x_wconf 90' lang='lat' dir='ltr'>miserior,</span> <span class='ocrx_word' id='word_1_11' title='bbox 1187 698 1269 779; x_wconf 87' lang='lat' dir='ltr'>qnod</span> <span class='ocrx_word' id='word_1_12' title='bbox 1292 716 1329 762; x_wconf 84' lang='lat' dir='ltr'>ex</span> 
     </span>
     <span class='ocr_line' id='line_1_3' title="bbox 181 802 1327 887; baseline -0.002 -19"><span class='ocrx_word' id='word_1_13' title='bbox 181 806 282 870; x_wconf 88' lang='lat' dir='ltr'>ueteri</span> <span class='ocrx_word' id='word_1_14' title='bbox 305 824 427 887; x_wconf 89' lang='lat' dir='ltr'>quoquc</span> <span class='ocrx_word' id='word_1_15' title='bbox 449 808 640 870; x_wconf 87' lang='lat' dir='ltr'>testamento</span> <span class='ocrx_word' id='word_1_16' title='bbox 656 804 813 869; x_wconf 78' lang='lat' dir='ltr'>haeresim</span> <span class='ocrx_word' id='word_1_17' title='bbox 828 803 1036 883; x_wconf 88' lang='lat' dir='ltr'>confirmauit,</span> <span class='ocrx_word' id='word_1_18' title='bbox 1059 803 1173 867; x_wconf 92' lang='lat' dir='ltr'>doeens</span> <span class='ocrx_word' id='word_1_19' title='bbox 1189 802 1327 867; x_wconf 90' lang='lat' dir='ltr'>animam</span> 
     </span>
     <span class='ocr_line' id='line_1_4' title="bbox 182 906 1327 991; baseline -0.003 -17"><span class='ocrx_word' id='word_1_20' title='bbox 182 928 263 991; x_wconf 91' lang='lat' dir='ltr'>quae</span> <span class='ocrx_word' id='word_1_21' title='bbox 293 929 312 974; x_wconf 86' lang='lat' dir='ltr'>a</span> <span class='ocrx_word' id='word_1_22' title='bbox 342 910 399 974; x_wconf 92' lang='lat' dir='ltr'>deo</span> <span class='ocrx_word' id='word_1_23' title='bbox 421 913 496 973; x_wconf 87' lang='lat' dir='ltr'>nata</span> <span class='ocrx_word' id='word_1_24' title='bbox 519 910 560 973; x_wconf 92' lang='lat' dir='ltr'>sit</span> <span class='ocrx_word' id='word_1_25' title='bbox 583 909 621 973; x_wconf 90' lang='lat' dir='ltr'>de</span> <span class='ocrx_word' id='word_1_26' title='bbox 646 908 781 991; x_wconf 90' lang='lat' dir='ltr'>quodam</span> <span class='ocrx_word' id='word_1_27' title='bbox 808 908 1022 991; x_wconf 87' lang='lat' dir='ltr'>promptuario</span> <span class='ocrx_word' id='word_1_28' title='bbox 1051 906 1226 989; x_wconf 88' lang='lat' dir='ltr'>procedere,</span> <span class='ocrx_word' id='word_1_29' title='bbox 1256 924 1327 989; x_wconf 91' lang='lat' dir='ltr'>pro-</span> 
     </span>
     <span class='ocr_line' id='line_1_5' title="bbox 181 1011 1326 1096; baseline -0.003 -19"><span class='ocrx_word' id='word_1_30' title='bbox 181 1013 264 1078; x_wconf 88' lang='lat' dir='ltr'>fiteri</span> <span class='ocrx_word' id='word_1_31' title='bbox 283 1017 357 1078; x_wconf 89' lang='lat' dir='ltr'>ante</span> <span class='ocrx_word' id='word_1_32' title='bbox 380 1013 473 1078; x_wconf 90' lang='lat' dir='ltr'>deum</span> <span class='ocrx_word' id='word_1_33' title='bbox 497 1032 531 1077; x_wconf 91' lang='lat' dir='ltr'>se</span> <span class='ocrx_word' id='word_1_34' title='bbox 553 1018 765 1096; x_wconf 77' lang='lat' dir='ltr'>pugnaturam</span> <span class='ocrx_word' id='word_1_35' title='bbox 788 1016 820 1077; x_wconf 89' lang='lat' dir='ltr'>et</span> <span class='ocrx_word' id='word_1_36' title='bbox 841 1012 954 1077; x_wconf 87' lang='lat' dir='ltr'>instrui</span> <span class='ocrx_word' id='word_1_37' title='bbox 976 1011 1107 1077; x_wconf 89' lang='lat' dir='ltr'>adoratu</span> <span class='ocrx_word' id='word_1_38' title='bbox 1130 1012 1326 1095; x_wconf 84' lang='lat' dir='ltr'>angelorum:</span> 
     </span>
    </p>

    <p class='ocr_par' dir='ltr' id='par_1_3' title="bbox 143 1115 1405 1722">
     <span class='ocr_line' id='line_1_6' title="bbox 153 1115 1328 1208; baseline -0.003 -26"><span class='ocrx_word' id='word_1_39' title='bbox 153 1119 295 1183; x_wconf 79' lang='lat' dir='ltr'>edehinc</span> <span class='ocrx_word' id='word_1_40' title='bbox 317 1118 560 1208; x_wconf 87' lang='lat' dir='ltr'>descendentem</span> <span class='ocrx_word' id='word_1_41' title='bbox 580 1135 635 1200; x_wconf 88' lang='lat' dir='ltr'>per</span> <span class='ocrx_word' id='word_1_42' title='bbox 653 1116 806 1199; x_wconf 86' lang='lat' dir='ltr'>quosdam</span> <span class='ocrx_word' id='word_1_43' title='bbox 823 1116 955 1181; x_wconf 87' lang='lat' dir='ltr'>circulos</span> <span class='ocrx_word' id='word_1_44' title='bbox 978 1135 997 1180; x_wconf 91' lang='lat' dir='ltr'>a</span> <span class='ocrx_word' id='word_1_45' title='bbox 1018 1115 1244 1198; x_wconf 87' lang='lat' dir='ltr'>priucipatibus</span> <span class='ocrx_word' id='word_1_46' title='bbox 1260 1135 1328 1180; x_wconf 91' lang='lat' dir='ltr'>ma-</span> 
     </span>
     <span class='ocr_line' id='line_1_7' title="bbox 182 1220 1405 1306; baseline -0.002 -20"><span class='ocrx_word' id='word_1_47' title='bbox 182 1223 277 1306; x_wconf 88' lang='lat' dir='ltr'>lignis</span> <span class='ocrx_word' id='word_1_48' title='bbox 300 1224 370 1305; x_wconf 90' lang='lat' dir='ltr'>capi</span> <span class='ocrx_word' id='word_1_49' title='bbox 392 1225 424 1286; x_wconf 91' lang='lat' dir='ltr'>et</span> <span class='ocrx_word' id='word_1_50' title='bbox 446 1223 620 1287; x_wconf 88' lang='lat' dir='ltr'>seeundum</span> <span class='ocrx_word' id='word_1_51' title='bbox 642 1222 840 1286; x_wconf 89' lang='lat' dir='ltr'>uoluntatem</span> <span class='ocrx_word' id='word_1_52' title='bbox 864 1221 992 1285; x_wconf 87' lang='lat' dir='ltr'>uictoris</span> <span class='ocrx_word' id='word_1_53' title='bbox 1022 1220 1170 1303; x_wconf 91' lang='lat' dir='ltr'>principis</span> <span class='ocrx_word' id='word_1_54' title='bbox 1201 1220 1234 1284; x_wconf 93' lang='lat' dir='ltr'>in</span> <span class='ocrx_word' id='word_1_55' title='bbox 1262 1238 1328 1283; x_wconf 89' lang='lat' dir='ltr'>cor·</span> <span class='ocrx_word' id='word_1_56' title='bbox 1404 1263 1405 1268; x_wconf 49' lang='lat'>.</span> 
     </span>
     <span class='ocr_line' id='line_1_8' title="bbox 182 1323 1329 1409; baseline -0.002 -20"><span class='ocrx_word' id='word_1_57' title='bbox 182 1344 259 1409; x_wconf 90' lang='lat' dir='ltr'>pora</span> <span class='ocrx_word' id='word_1_58' title='bbox 281 1327 406 1389; x_wconf 87' lang='lat' dir='ltr'>diuersa</span> <span class='ocrx_word' id='word_1_59' title='bbox 427 1326 572 1391; x_wconf 91' lang='lat' dir='ltr'>contrudi</span> <span class='ocrx_word' id='word_1_60' title='bbox 594 1326 702 1408; x_wconf 87' lang='lat' dir='ltr'>eisque</span> <span class='ocrx_word' id='word_1_61' title='bbox 724 1324 861 1390; x_wconf 74' lang='lat' dir='ltr'>adscribi</span> <span class='ocrx_word' id='word_1_62' title='bbox 884 1323 1137 1408; x_wconf 77' lang='lat' dir='ltr'>chirographum.</span> <span class='ocrx_word' id='word_1_63' title='bbox 1184 1323 1274 1388; x_wconf 88' lang='lat' dir='ltr'>Unde</span> <span class='ocrx_word' id='word_1_64' title='bbox 1297 1327 1329 1388; x_wconf 86' lang='lat' dir='ltr'>et</span> 
     </span>
     <span class='ocr_line' id='line_1_9' title="bbox 182 1428 1329 1514; baseline -0.003 -20"><span class='ocrx_word' id='word_1_65' title='bbox 182 1430 353 1494; x_wconf 80' lang='lat' dir='ltr'>mathesim</span> <span class='ocrx_word' id='word_1_66' title='bbox 362 1431 542 1514; x_wconf 89' lang='lat' dir='ltr'>praeualere</span> <span class='ocrx_word' id='word_1_67' title='bbox 552 1429 710 1510; x_wconf 86' lang='lat' dir='ltr'>firmabat,</span> <span class='ocrx_word' id='word_1_68' title='bbox 723 1430 872 1494; x_wconf 91' lang='lat' dir='ltr'>adserens</span> <span class='ocrx_word' id='word_1_69' title='bbox 885 1428 1028 1511; x_wconf 89' lang='lat' dir='ltr'>quiahoc</span> <span class='ocrx_word' id='word_1_70' title='bbox 1040 1428 1329 1512; x_wconf 88' lang='lat' dir='ltr'>chirographum</span> 
     </span>
     <span class='ocr_line' id='line_1_10' title="bbox 183 1533 1327 1617; baseline 0 -21"><span class='ocrx_word' id='word_1_71' title='bbox 183 1535 344 1598; x_wconf 86' lang='lat' dir='ltr'>soluerit</span> <span class='ocrx_word' id='word_1_72' title='bbox 367 1533 509 1599; x_wconf 80' lang='lat' dir='ltr'>Christus</span> <span class='ocrx_word' id='word_1_73' title='bbox 540 1538 573 1599; x_wconf 92' lang='lat' dir='ltr'>et</span> <span class='ocrx_word' id='word_1_74' title='bbox 602 1534 781 1599; x_wconf 80' lang='lat' dir='ltr'>adfixerit</span> <span class='ocrx_word' id='word_1_75' title='bbox 811 1534 911 1599; x_wconf 88' lang='lat' dir='ltr'>eruci</span> <span class='ocrx_word' id='word_1_76' title='bbox 941 1552 996 1617; x_wconf 91' lang='lat' dir='ltr'>per</span> <span class='ocrx_word' id='word_1_77' title='bbox 1023 1533 1201 1615; x_wconf 82' lang='lat' dir='ltr'>passionem</span> <span class='ocrx_word' id='word_1_78' title='bbox 1226 1550 1327 1613; x_wconf 88' lang='lat' dir='ltr'>suam,</span> 
     </span>
     <span class='ocr_line' id='line_1_11' title="bbox 143 1637 1157 1722; baseline -0.001 -20"><span class='ocrx_word' id='word_1_79' title='bbox 143 1664 170 1703; x_wconf 84' lang='grc' dir='ltr'>ιο</span> <span class='ocrx_word' id='word_1_80' title='bbox 183 1640 267 1703; x_wconf 88' lang='lat' dir='ltr'>sicut</span> <span class='ocrx_word' id='word_1_81' title='bbox 288 1640 355 1721; x_wconf 87' lang='lat' dir='ltr'>ipse</span> <span class='ocrx_word' id='word_1_82' title='bbox 378 1638 592 1703; x_wconf 86' lang='lat' dir='ltr'>Priscillianus</span> <span class='ocrx_word' id='word_1_83' title='bbox 615 1639 648 1703; x_wconf 91' lang='lat' dir='ltr'>iu</span> <span class='ocrx_word' id='word_1_84' title='bbox 671 1639 808 1720; x_wconf 86' lang='lat' dir='ltr'>quadam</span> <span class='ocrx_word' id='word_1_85' title='bbox 831 1638 966 1722; x_wconf 77' lang='lat' dir='ltr'>epistula</span> <span class='ocrx_word' id='word_1_86' title='bbox 989 1655 1046 1701; x_wconf 89' lang='lat' dir='ltr'>sua</span> <span class='ocrx_word' id='word_1_87' title='bbox 1068 1637 1157 1701; x_wconf 91' lang='lat' dir='ltr'>dicit:</span> 
     </span>
    </p>

    <p class='ocr_par' dir='ltr' id='par_1_4' title="bbox 226 1741 1329 2137">
     <span class='ocr_line' id='line_1_12' title="bbox 268 1741 1329 1826; baseline -0.001 -20"><span class='ocrx_word' id='word_1_88' title='bbox 268 1743 357 1806; x_wconf 88' lang='lat' dir='ltr'>Haec</span> <span class='ocrx_word' id='word_1_89' title='bbox 385 1743 489 1825; x_wconf 91' lang='lat' dir='ltr'>prima</span> <span class='ocrx_word' id='word_1_90' title='bbox 518 1743 672 1826; x_wconf 90' lang='lat' dir='ltr'>sapientia</span> <span class='ocrx_word' id='word_1_91' title='bbox 701 1743 806 1806; x_wconf 92' lang='lat' dir='ltr'>estin</span> <span class='ocrx_word' id='word_1_92' title='bbox 839 1742 1017 1807; x_wconf 87' lang='lat' dir='ltr'>animarum</span> <span class='ocrx_word' id='word_1_93' title='bbox 1039 1742 1122 1824; x_wconf 86' lang='lat' dir='ltr'>typis</span> <span class='ocrx_word' id='word_1_94' title='bbox 1150 1741 1329 1805; x_wconf 89' lang='lat' dir='ltr'>diuinarum</span> 
     </span>
     <span class='ocr_line' id='line_1_13' title="bbox 226 1845 1328 1930; baseline -0.001 -21"><span class='ocrx_word' id='word_1_95' title='bbox 226 1846 382 1911; x_wconf 90' lang='lat' dir='ltr'>uirtutum</span> <span class='ocrx_word' id='word_1_96' title='bbox 411 1847 595 1930; x_wconf 89' lang='lat' dir='ltr'>intellegere</span> <span class='ocrx_word' id='word_1_97' title='bbox 625 1850 754 1912; x_wconf 89' lang='lat' dir='ltr'>naturas</span> <span class='ocrx_word' id='word_1_98' title='bbox 784 1849 816 1910; x_wconf 91' lang='lat' dir='ltr'>et</span> <span class='ocrx_word' id='word_1_99' title='bbox 846 1845 982 1929; x_wconf 90' lang='lat' dir='ltr'>eorporis</span> <span class='ocrx_word' id='word_1_100' title='bbox 1013 1845 1265 1929; x_wconf 90' lang='lat' dir='ltr'>dispositionem,</span> <span class='ocrx_word' id='word_1_101' title='bbox 1295 1846 1328 1909; x_wconf 89' lang='lat' dir='ltr'>in</span> 
     </span>
     <span class='ocr_line' id='line_1_14' title="bbox 227 1950 1329 2034; baseline -0.001 -20"><span class='ocrx_word' id='word_1_102' title='bbox 227 1968 290 2031; x_wconf 90' lang='lat' dir='ltr'>qua</span> <span class='ocrx_word' id='word_1_103' title='bbox 312 1950 485 2034; x_wconf 91' lang='lat' dir='ltr'>obligatum</span> <span class='ocrx_word' id='word_1_104' title='bbox 509 1952 630 2015; x_wconf 91' lang='lat' dir='ltr'>caelum</span> <span class='ocrx_word' id='word_1_105' title='bbox 654 1950 779 2015; x_wconf 90' lang='lat' dir='ltr'>uidetur</span> <span class='ocrx_word' id='word_1_106' title='bbox 802 1954 834 2015; x_wconf 89' lang='lat' dir='ltr'>et</span> <span class='ocrx_word' id='word_1_107' title='bbox 849 1953 933 2014; x_wconf 91' lang='lat' dir='ltr'>terra</span> <span class='ocrx_word' id='word_1_108' title='bbox 948 1968 1120 2031; x_wconf 90' lang='lat' dir='ltr'>omnesque</span> <span class='ocrx_word' id='word_1_109' title='bbox 1134 1950 1329 2033; x_wconf 87' lang='lat' dir='ltr'>principatus</span> 
     </span>
     <span class='ocr_line' id='line_1_15' title="bbox 227 2054 1329 2137; baseline -0.001 -19"><span class='ocrx_word' id='word_1_110' title='bbox 227 2055 345 2118; x_wconf 87' lang='lat' dir='ltr'>saeculi</span> <span class='ocrx_word' id='word_1_111' title='bbox 371 2055 516 2119; x_wconf 89' lang='lat' dir='ltr'>uidentur</span> <span class='ocrx_word' id='word_1_112' title='bbox 544 2054 701 2129; x_wconf 80' lang='lat' dir='ltr'>adstricti3</span> <span class='ocrx_word' id='word_1_113' title='bbox 729 2058 910 2119; x_wconf 88' lang='lat' dir='ltr'>sanctorum</span> <span class='ocrx_word' id='word_1_114' title='bbox 937 2072 1012 2118; x_wconf 90' lang='lat' dir='ltr'>uero</span> <span class='ocrx_word' id='word_1_115' title='bbox 1035 2054 1253 2137; x_wconf 89' lang='lat' dir='ltr'>dispositiones</span> <span class='ocrx_word' id='word_1_116' title='bbox 1277 2073 1329 2118; x_wconf 90' lang='lat' dir='ltr'>su-</span> 
     </span>
    </p>

    <p class='ocr_par' dir='ltr' id='par_1_5' title="bbox 126 2157 1329 2556">
     <span class='ocr_line' id='line_1_16' title="bbox 126 2157 1329 2242; baseline -0.002 -19"><span class='ocrx_word' id='word_1_117' title='bbox 126 2166 169 2224; x_wconf 73' lang='lat'>&#39;15</span> <span class='ocrx_word' id='word_1_118' title='bbox 225 2177 345 2239; x_wconf 83' lang='lat' dir='ltr'>perere.</span> <span class='ocrx_word' id='word_1_119' title='bbox 383 2158 467 2222; x_wconf 87' lang='lat' dir='ltr'>Nam</span> <span class='ocrx_word' id='word_1_120' title='bbox 500 2159 639 2242; x_wconf 87' lang='lat' dir='ltr'>primum</span> <span class='ocrx_word' id='word_1_121' title='bbox 672 2159 825 2223; x_wconf 89' lang='lat' dir='ltr'>circulum</span> <span class='ocrx_word' id='word_1_122' title='bbox 856 2162 888 2223; x_wconf 90' lang='lat' dir='ltr'>et</span> <span class='ocrx_word' id='word_1_123' title='bbox 917 2157 1143 2223; x_wconf 88' lang='lat' dir='ltr'>mittendarum</span> <span class='ocrx_word' id='word_1_124' title='bbox 1172 2158 1205 2222; x_wconf 91' lang='lat' dir='ltr'>in</span> <span class='ocrx_word' id='word_1_125' title='bbox 1235 2176 1329 2235; x_wconf 88' lang='lat' dir='ltr'>carne</span> 
     </span>
     <span class='ocr_line' id='line_1_17' title="bbox 227 2261 1329 2346; baseline -0.001 -20"><span class='ocrx_word' id='word_1_126' title='bbox 227 2263 404 2327; x_wconf 86' lang='lat' dir='ltr'>animarum</span> <span class='ocrx_word' id='word_1_127' title='bbox 427 2262 570 2327; x_wconf 90' lang='lat' dir='ltr'>diuinum</span> <span class='ocrx_word' id='word_1_128' title='bbox 594 2262 846 2346; x_wconf 84' lang='lat' dir='ltr'>chirographum,</span> <span class='ocrx_word' id='word_1_129' title='bbox 870 2264 1052 2345; x_wconf 89' lang='lat' dir='ltr'>angelorum</span> <span class='ocrx_word' id='word_1_130' title='bbox 1076 2266 1108 2326; x_wconf 91' lang='lat' dir='ltr'>et</span> <span class='ocrx_word' id='word_1_131' title='bbox 1134 2261 1184 2325; x_wconf 91' lang='lat' dir='ltr'>dei</span> <span class='ocrx_word' id='word_1_132' title='bbox 1207 2265 1239 2326; x_wconf 90' lang='lat' dir='ltr'>et</span> <span class='ocrx_word' id='word_1_133' title='bbox 1262 2279 1329 2325; x_wconf 90' lang='lat' dir='ltr'>om-</span> 
     </span>
     <span class='ocr_line' id='line_1_18' title="bbox 226 2365 1328 2450; baseline -0.001 -20"><span class='ocrx_word' id='word_1_134' title='bbox 226 2367 315 2431; x_wconf 91' lang='lat' dir='ltr'>nium</span> <span class='ocrx_word' id='word_1_135' title='bbox 339 2367 517 2431; x_wconf 89' lang='lat' dir='ltr'>animarum</span> <span class='ocrx_word' id='word_1_136' title='bbox 538 2366 744 2433; x_wconf 89' lang='lat' dir='ltr'>consensibus</span> <span class='ocrx_word' id='word_1_137' title='bbox 767 2365 956 2432; x_wconf 84' lang='lat' dir='ltr'>fabricatum</span> <span class='ocrx_word' id='word_1_138' title='bbox 986 2366 1182 2450; x_wconf 88' lang='lat' dir='ltr'>patriarchae</span> <span class='ocrx_word' id='word_1_139' title='bbox 1205 2368 1328 2439; x_wconf 84' lang='lat' dir='ltr'>tenent3</span> 
     </span>
     <span class='ocr_line' id='line_1_19' title="bbox 227 2470 1235 2556; baseline -0.001 -22"><span class='ocrx_word' id='word_1_140' title='bbox 227 2472 281 2552; x_wconf 91' lang='lat' dir='ltr'>qui</span> <span class='ocrx_word' id='word_1_141' title='bbox 304 2475 414 2535; x_wconf 90' lang='lat' dir='ltr'>contra</span> <span class='ocrx_word' id='word_1_142' title='bbox 435 2470 577 2535; x_wconf 87' lang='lat' dir='ltr'>formalis</span> <span class='ocrx_word' id='word_1_143' title='bbox 601 2472 734 2535; x_wconf 90' lang='lat' dir='ltr'>militiae</span> <span class='ocrx_word' id='word_1_144' title='bbox 756 2490 834 2556; x_wconf 90' lang='lat' dir='ltr'>opus</span> <span class='ocrx_word' id='word_1_145' title='bbox 856 2470 1029 2555; x_wconf 88' lang='lat' dir='ltr'>possident,</span> <span class='ocrx_word' id='word_1_146' title='bbox 1053 2473 1085 2535; x_wconf 85' lang='lat' dir='ltr'>et</span> <span class='ocrx_word' id='word_1_147' title='bbox 1106 2470 1235 2553; x_wconf 88' lang='lat' dir='ltr'>reliqua.</span> 
     </span>
    </p>

    <p class='ocr_par' dir='ltr' id='par_1_6' title="bbox 145 2575 1329 2866">
     <span class='ocr_line' id='line_1_20' title="bbox 183 2575 1329 2659; baseline 0 -21"><span class='ocrx_word' id='word_1_148' title='bbox 183 2575 326 2640; x_wconf 83' lang='lat' dir='ltr'>Tradidit</span> <span class='ocrx_word' id='word_1_149' title='bbox 355 2579 462 2640; x_wconf 87' lang='lat' dir='ltr'>antem</span> <span class='ocrx_word' id='word_1_150' title='bbox 492 2577 622 2641; x_wconf 90' lang='lat' dir='ltr'>uomina</span> <span class='ocrx_word' id='word_1_151' title='bbox 650 2576 899 2659; x_wconf 89' lang='lat' dir='ltr'>patriarcharum</span> <span class='ocrx_word' id='word_1_152' title='bbox 931 2575 1075 2640; x_wconf 88' lang='lat' dir='ltr'>membra</span> <span class='ocrx_word' id='word_1_153' title='bbox 1102 2593 1170 2639; x_wconf 88' lang='lat' dir='ltr'>esse</span> <span class='ocrx_word' id='word_1_154' title='bbox 1194 2575 1329 2655; x_wconf 90' lang='lat' dir='ltr'>animae,</span> 
     </span>
     <span class='ocr_line' id='line_1_21' title="bbox 145 2678 1328 2764; baseline -0.003 -18"><span class='ocrx_word' id='word_1_155' title='bbox 145 2698 219 2746; x_wconf 75' lang='lat' dir='ltr'>aceo</span> <span class='ocrx_word' id='word_1_156' title='bbox 242 2681 325 2762; x_wconf 86' lang='lat' dir='ltr'>quod</span> <span class='ocrx_word' id='word_1_157' title='bbox 348 2683 432 2744; x_wconf 90' lang='lat' dir='ltr'>esset</span> <span class='ocrx_word' id='word_1_158' title='bbox 445 2681 559 2745; x_wconf 88' lang='lat' dir='ltr'>Ruben</span> <span class='ocrx_word' id='word_1_159' title='bbox 581 2681 615 2744; x_wconf 88' lang='lat' dir='ltr'>in</span> <span class='ocrx_word' id='word_1_160' title='bbox 637 2681 750 2764; x_wconf 89' lang='lat' dir='ltr'>capite,</span> <span class='ocrx_word' id='word_1_161' title='bbox 772 2680 853 2744; x_wconf 90' lang='lat' dir='ltr'>luda</span> <span class='ocrx_word' id='word_1_162' title='bbox 874 2680 907 2744; x_wconf 91' lang='lat' dir='ltr'>in</span> <span class='ocrx_word' id='word_1_163' title='bbox 923 2683 1058 2764; x_wconf 89' lang='lat' dir='ltr'>pectore,</span> <span class='ocrx_word' id='word_1_164' title='bbox 1081 2678 1159 2743; x_wconf 88' lang='lat' dir='ltr'>Leui</span> <span class='ocrx_word' id='word_1_165' title='bbox 1179 2680 1211 2743; x_wconf 90' lang='lat' dir='ltr'>in</span> <span class='ocrx_word' id='word_1_166' title='bbox 1227 2680 1328 2759; x_wconf 89' lang='lat' dir='ltr'>eorde,</span> 
     </span>
     <span class='ocr_line' id='line_1_22' title="bbox 182 2780 1328 2866; baseline 0.001 -19"><span class='ocrx_word' id='word_1_167' title='bbox 182 2784 349 2848; x_wconf 86' lang='lat' dir='ltr'>Beniamin</span> <span class='ocrx_word' id='word_1_168' title='bbox 371 2785 404 2848; x_wconf 90' lang='lat' dir='ltr'>in</span> <span class='ocrx_word' id='word_1_169' title='bbox 426 2784 610 2866; x_wconf 85' lang='lat' dir='ltr'>femoribus,</span> <span class='ocrx_word' id='word_1_170' title='bbox 633 2789 666 2849; x_wconf 93' lang='lat' dir='ltr'>et</span> <span class='ocrx_word' id='word_1_171' title='bbox 688 2784 817 2860; x_wconf 84' lang='lat' dir='ltr'>similia;</span> <span class='ocrx_word' id='word_1_172' title='bbox 849 2780 1094 2849; x_wconf 67' lang='lat' dir='ltr'>eontra-autem</span> <span class='ocrx_word' id='word_1_173' title='bbox 1116 2783 1149 2847; x_wconf 90' lang='lat' dir='ltr'>in</span> <span class='ocrx_word' id='word_1_174' title='bbox 1177 2783 1328 2848; x_wconf 80' lang='lat' dir='ltr'>memhris</span> 
     </span>
    </p>
   </div>
   <div class='ocr_carea' id='block_1_3' title="bbox 288 2972 1119 3044">
    <p class='ocr_par' dir='ltr' id='par_1_7' title="bbox 288 2972 1119 3044">
     <span class='ocr_line' id='line_1_23' title="bbox 288 2972 1119 3044; baseline -0.002 -14"><span class='ocrx_word' id='word_1_175' title='bbox 288 2977 306 3030; x_wconf 91' lang='lat'><em>8</em></span> <span class='ocrx_word' id='word_1_176' title='bbox 324 2973 358 3028; x_wconf 83' lang='lat' dir='ltr'>ci.</span> <span class='ocrx_word' id='word_1_177' title='bbox 377 2972 433 3029; x_wconf 77' lang='lat' dir='ltr'>Col.</span> <span class='ocrx_word' id='word_1_178' title='bbox 446 2975 471 3039; x_wconf 75' lang='lat'>2,</span> <span class='ocrx_word' id='word_1_179' title='bbox 485 2976 530 3037; x_wconf 83' lang='lat'>14;</span> <span class='ocrx_word' id='word_1_180' title='bbox 547 2973 631 3029; x_wconf 86' lang='lat' dir='ltr'>Prisc.</span> <span class='ocrx_word' id='word_1_181' title='bbox 645 2989 702 3029; x_wconf 88' lang='lat' dir='ltr'>can.</span> <span class='ocrx_word' id='word_1_182' title='bbox 716 2973 818 3040; x_wconf 84' lang='lat' dir='ltr'>xvm,</span> <span class='ocrx_word' id='word_1_183' title='bbox 837 2977 865 3028; x_wconf 89' lang='lat' dir='ltr'>et</span> <span class='ocrx_word' id='word_1_184' title='bbox 884 2989 965 3044; x_wconf 87' lang='lat' dir='ltr'>supra</span> <span class='ocrx_word' id='word_1_185' title='bbox 982 2990 1008 3043; x_wconf 88' lang='lat' dir='ltr'>p.</span> <span class='ocrx_word' id='word_1_186' title='bbox 1023 2975 1063 3038; x_wconf 87' lang='grc'>16,</span> <span class='ocrx_word' id='word_1_187' title='bbox 1077 2975 1119 3030; x_wconf 78' lang='grc'>23,</span> 
     </span>
    </p>
   </div>
   <div class='ocr_carea' id='block_1_4' title="bbox 181 3146 1329 3649">
    <p class='ocr_par' dir='ltr' id='par_1_8' title="bbox 181 3146 1329 3649">
     <span class='ocr_line' id='line_1_24' title="bbox 290 3146 1327 3216; baseline -0.002 -14"><span class='ocrx_word' id='word_1_188' title='bbox 290 3149 303 3202; x_wconf 98' lang='grc'>1</span> <span class='ocrx_word' id='word_1_189' title='bbox 331 3147 457 3202; x_wconf 76' lang='lat' dir='ltr'>Orestam</span> <span class='ocrx_word' id='word_1_190' title='bbox 474 3147 595 3216; x_wconf 63' lang='lat' dir='ltr'>aequatur</span> <span class='ocrx_word' id='word_1_191' title='bbox 612 3147 785 3216; x_wconf 63' lang='lat' dir='ltr'>Augustinus</span> <span class='ocrx_word' id='word_1_192' title='bbox 804 3147 837 3202; x_wconf 84' lang='lat' dir='ltr'>dc</span> <span class='ocrx_word' id='word_1_193' title='bbox 853 3151 953 3204; x_wconf 78' lang='lat' dir='ltr'>haeres.</span> <span class='ocrx_word' id='word_1_194' title='bbox 976 3167 998 3204; x_wconf 90' lang='lat' dir='ltr'>c.</span> <span class='ocrx_word' id='word_1_195' title='bbox 1011 3152 1046 3204; x_wconf 85' lang='lat'>70</span> <span class='ocrx_word' id='word_1_196' title='bbox 1063 3146 1115 3215; x_wconf 85' lang='lat' dir='ltr'>(ed.</span> <span class='ocrx_word' id='word_1_197' title='bbox 1128 3146 1232 3212; x_wconf 88' lang='lat' dir='ltr'>Oehler,</span> <span class='ocrx_word' id='word_1_198' title='bbox 1256 3163 1327 3216; x_wconf 88' lang='lat' dir='ltr'>corp.</span> 
     </span>
     <span class='ocr_line' id='line_1_25' title="bbox 181 3232 1327 3303; baseline 0.002 -17"><span class='ocrx_word' id='word_1_199' title='bbox 181 3234 284 3286; x_wconf 89' lang='lat' dir='ltr'>haeres.</span> <span class='ocrx_word' id='word_1_200' title='bbox 303 3232 412 3301; x_wconf 79' lang='lat'>1,218):</span> <span class='ocrx_word' id='word_1_201' title='bbox 430 3234 480 3287; x_wconf 94' lang='lat' dir='ltr'>hoc</span> <span class='ocrx_word' id='word_1_202' title='bbox 499 3233 660 3288; x_wconf 89' lang='lat' dir='ltr'>uersutiores</span> <span class='ocrx_word' id='word_1_203' title='bbox 678 3234 759 3288; x_wconf 90' lang='lat' dir='ltr'>etiam</span> <span class='ocrx_word' id='word_1_204' title='bbox 777 3235 941 3288; x_wconf 86' lang='lat' dir='ltr'>Manichacis</span> <span class='ocrx_word' id='word_1_205' title='bbox 960 3235 1030 3302; x_wconf 88' lang='lat' dir='ltr'>quod</span> <span class='ocrx_word' id='word_1_206' title='bbox 1049 3233 1117 3288; x_wconf 89' lang='lat' dir='ltr'>nihil</span> <span class='ocrx_word' id='word_1_207' title='bbox 1136 3233 1327 3303; x_wconf 89' lang='lat' dir='ltr'>seripturarum</span> 
     </span>
     <span class='ocr_line' id='line_1_26' title="bbox 182 3319 1328 3391; baseline 0 -17"><span class='ocrx_word' id='word_1_208' title='bbox 182 3319 373 3374; x_wconf 86' lang='lat' dir='ltr'>canonicamm</span> <span class='ocrx_word' id='word_1_209' title='bbox 392 3319 535 3388; x_wconf 89' lang='lat' dir='ltr'>repudiant</span> <span class='ocrx_word' id='word_1_210' title='bbox 551 3337 572 3375; x_wconf 84' lang='lat' dir='ltr'>c.</span> <span class='ocrx_word' id='word_1_211' title='bbox 585 3339 608 3390; x_wconf 83' lang='lat' dir='ltr'>q.</span> <span class='ocrx_word' id='word_1_212' title='bbox 621 3339 642 3376; x_wconf 86' lang='lat' dir='ltr'>a.</span> <span class='ocrx_word' id='word_1_213' title='bbox 714 3326 730 3377; x_wconf 85' lang='lat'>5</span> <span class='ocrx_word' id='word_1_214' title='bbox 748 3323 815 3376; x_wconf 83' lang='lat' dir='ltr'>ibid.</span> <span class='ocrx_word' id='word_1_215' title='bbox 835 3321 870 3390; x_wconf 85' lang='lat' dir='ltr'>(p.</span> <span class='ocrx_word' id='word_1_216' title='bbox 883 3322 956 3391; x_wconf 83' lang='lat'>217):</span> <span class='ocrx_word' id='word_1_217' title='bbox 980 3321 1104 3391; x_wconf 88' lang='lat' dir='ltr'>(animas)</span> <span class='ocrx_word' id='word_1_218' title='bbox 1127 3337 1175 3391; x_wconf 90' lang='lat' dir='ltr'>per</span> <span class='ocrx_word' id='word_1_219' title='bbox 1199 3321 1328 3389; x_wconf 87' lang='lat' dir='ltr'>quosdam</span> 
     </span>
     <span class='ocr_line' id='line_1_27' title="bbox 182 3406 1329 3477; baseline 0 -17"><span class='ocrx_word' id='word_1_220' title='bbox 182 3406 319 3476; x_wconf 87' lang='lat' dir='ltr'>gradatim</span> <span class='ocrx_word' id='word_1_221' title='bbox 338 3407 496 3461; x_wconf 89' lang='lat' dir='ltr'>descendere</span> <span class='ocrx_word' id='word_1_222' title='bbox 513 3407 678 3477; x_wconf 86' lang='lat' dir='ltr'>principatus</span> <span class='ocrx_word' id='word_1_223' title='bbox 696 3411 724 3462; x_wconf 92' lang='lat' dir='ltr'>et</span> <span class='ocrx_word' id='word_1_224' title='bbox 739 3407 888 3477; x_wconf 83' lang='lat' dir='ltr'>malignum</span> <span class='ocrx_word' id='word_1_225' title='bbox 901 3408 1049 3477; x_wconf 89' lang='lat' dir='ltr'>principem</span> <span class='ocrx_word' id='word_1_226' title='bbox 1062 3409 1241 3462; x_wconf 59' lang='lat' dir='ltr'>incurrerem</span> <span class='ocrx_word' id='word_1_227' title='bbox 1250 3411 1329 3476; x_wconf 85' lang='lat' dir='ltr'>atque</span> 
     </span>
     <span class='ocr_line' id='line_1_28' title="bbox 184 3492 1328 3564; baseline 0.001 -17"><span class='ocrx_word' id='word_1_228' title='bbox 184 3493 217 3548; x_wconf 88' lang='lat' dir='ltr'>ab</span> <span class='ocrx_word' id='word_1_229' title='bbox 239 3493 291 3548; x_wconf 90' lang='lat' dir='ltr'>hoc</span> <span class='ocrx_word' id='word_1_230' title='bbox 313 3492 433 3562; x_wconf 88' lang='lat' dir='ltr'>principe</span> <span class='ocrx_word' id='word_1_231' title='bbox 456 3510 504 3563; x_wconf 90' lang='lat' dir='ltr'>per</span> <span class='ocrx_word' id='word_1_232' title='bbox 526 3493 633 3548; x_wconf 88' lang='lat' dir='ltr'>diuersa</span> <span class='ocrx_word' id='word_1_233' title='bbox 654 3495 741 3548; x_wconf 86' lang='lat' dir='ltr'>caruis</span> <span class='ocrx_word' id='word_1_234' title='bbox 762 3510 873 3564; x_wconf 88' lang='lat' dir='ltr'>corpore</span> <span class='ocrx_word' id='word_1_235' title='bbox 891 3494 1024 3549; x_wconf 89' lang='lat' dir='ltr'>seminari.</span> <span class='ocrx_word' id='word_1_236' title='bbox 1097 3495 1328 3563; x_wconf 63' lang='lat' dir='ltr'>repatriarem]</span> 
     </span>
     <span class='ocr_line' id='line_1_29' title="bbox 185 3579 1053 3649; baseline 0.003 -15"><span class='ocrx_word' id='word_1_237' title='bbox 185 3579 219 3634; x_wconf 85' lang='lat' dir='ltr'>ef.</span> <span class='ocrx_word' id='word_1_238' title='bbox 238 3595 320 3649; x_wconf 85' lang='lat' dir='ltr'>supra</span> <span class='ocrx_word' id='word_1_239' title='bbox 337 3596 362 3649; x_wconf 90' lang='lat' dir='ltr'>p.</span> <span class='ocrx_word' id='word_1_240' title='bbox 375 3583 418 3645; x_wconf 88' lang='grc'>81,</span> <span class='ocrx_word' id='word_1_241' title='bbox 432 3583 473 3636; x_wconf 88' lang='grc'>11.</span> <span class='ocrx_word' id='word_1_242' title='bbox 1051 3591 1053 3596; x_wconf 83' lang='grc'>’</span> 
     </span>
    </p>
   </div>
   <div class='ocr_carea' id='block_1_5' title="bbox 181 3769 1330 4532">
    <p class='ocr_par' dir='ltr' id='par_1_9' title="bbox 181 3769 1330 4532">
     <span class='ocr_line' id='line_1_30' title="bbox 229 3769 1330 3828; baseline 0.002 -4"><span class='ocrx_word' id='word_1_243' title='bbox 229 3769 410 3824; x_wconf 88' lang='lat' dir='ltr'>lmanicheis</span> <span class='ocrx_word' id='word_1_244' title='bbox 428 3771 483 3825; x_wconf 92' lang='lat' dir='ltr'>AB</span> <span class='ocrx_word' id='word_1_245' title='bbox 553 3770 707 3825; x_wconf 82' lang='lat' dir='ltr'>2heresim</span> <span class='ocrx_word' id='word_1_246' title='bbox 725 3771 781 3825; x_wconf 91' lang='lat' dir='ltr'>AB</span> <span class='ocrx_word' id='word_1_247' title='bbox 852 3770 1031 3826; x_wconf 86' lang='lat' dir='ltr'>conformauit</span> <span class='ocrx_word' id='word_1_248' title='bbox 1053 3774 1085 3827; x_wconf 75' lang='lat' dir='ltr'>aa</span> <span class='ocrx_word' id='word_1_249' title='bbox 1102 3789 1155 3828; x_wconf 77' lang='lat' dir='ltr'>rua.</span> <span class='ocrx_word' id='word_1_250' title='bbox 1175 3789 1247 3826; x_wconf 79' lang='lat' dir='ltr'>mco.</span> <span class='ocrx_word' id='word_1_251' title='bbox 1266 3778 1282 3826; x_wconf 91' lang='lat'><strong><em>1</em></strong></span> <span class='ocrx_word' id='word_1_252' title='bbox 1302 3773 1330 3826; x_wconf 95' lang='grc' dir='ltr'><em>Β</em></span> 
     </span>
     <span class='ocr_line' id='line_1_31' title="bbox 185 3855 1330 3925; baseline 0.003 -15"><span class='ocrx_word' id='word_1_253' title='bbox 185 3857 202 3910; x_wconf 84' lang='grc'><strong>4</strong></span> <span class='ocrx_word' id='word_1_254' title='bbox 220 3859 248 3908; x_wconf 90' lang='lat' dir='ltr'>et</span> <span class='ocrx_word' id='word_1_255' title='bbox 265 3874 316 3912; x_wconf 87' lang='lat' dir='ltr'>om.</span> <span class='ocrx_word' id='word_1_256' title='bbox 329 3855 384 3912; x_wconf 60' lang='grc' dir='ltr'>ΒΒ</span> <span class='ocrx_word' id='word_1_257' title='bbox 455 3857 568 3911; x_wconf 89' lang='lat' dir='ltr'>adoratu</span> <span class='ocrx_word' id='word_1_258' title='bbox 585 3857 625 3925; x_wconf 94' lang='lat' dir='ltr'>A]</span> <span class='ocrx_word' id='word_1_259' title='bbox 644 3856 788 3911; x_wconf 86' lang='lat' dir='ltr'>adhortatu</span> <span class='ocrx_word' id='word_1_260' title='bbox 805 3856 869 3925; x_wconf 71' lang='lat' dir='ltr'>Bu,</span> <span class='ocrx_word' id='word_1_261' title='bbox 889 3857 1043 3912; x_wconf 85' lang='lat' dir='ltr'>‘adhortatu</span> <span class='ocrx_word' id='word_1_262' title='bbox 1066 3860 1194 3914; x_wconf 79' lang='lat' dir='ltr'>Uaticani</span> <span class='ocrx_word' id='word_1_263' title='bbox 1212 3877 1282 3925; x_wconf 78' lang='lat' dir='ltr'>mae,</span> <span class='ocrx_word' id='word_1_264' title='bbox 1300 3865 1330 3914; x_wconf 83' lang='lat' dir='ltr'>ot</span> 
     </span>
     <span class='ocr_line' id='line_1_32' title="bbox 184 3942 1330 4012; baseline 0.002 -15"><span class='ocrx_word' id='word_1_265' title='bbox 184 3943 253 3998; x_wconf 69' lang='lat' dir='ltr'>eddi</span> <span class='ocrx_word' id='word_1_266' title='bbox 272 3942 392 3998; x_wconf 87' lang='lat' dir='ltr'>adoratu&#39;</span> <span class='ocrx_word' id='word_1_267' title='bbox 412 3945 427 3998; x_wconf 81' lang='lat' dir='ltr'>b</span> <span class='ocrx_word' id='word_1_268' title='bbox 516 3947 531 3998; x_wconf 82' lang='lat'>7</span> <span class='ocrx_word' id='word_1_269' title='bbox 555 3943 652 3998; x_wconf 88' lang='lat' dir='ltr'>ascribi</span> <span class='ocrx_word' id='word_1_270' title='bbox 671 3959 783 4012; x_wconf 75' lang='lat' dir='ltr'>cyrogr,</span> <span class='ocrx_word' id='word_1_271' title='bbox 810 3944 881 3997; x_wconf 91' lang='lat' dir='ltr'>unde</span> <span class='ocrx_word' id='word_1_272' title='bbox 900 3946 927 3999; x_wconf 91' lang='lat' dir='ltr'>et</span> <span class='ocrx_word' id='word_1_273' title='bbox 944 3945 1036 3999; x_wconf 86' lang='lat' dir='ltr'>matha</span> <span class='ocrx_word' id='word_1_274' title='bbox 1054 3947 1085 4000; x_wconf 80' lang='lat' dir='ltr'>ia</span> <span class='ocrx_word' id='word_1_275' title='bbox 1103 3962 1157 4001; x_wconf 77' lang='lat' dir='ltr'>rua.</span> <span class='ocrx_word' id='word_1_276' title='bbox 1177 3963 1248 4000; x_wconf 79' lang='lat' dir='ltr'>occu.</span> <span class='ocrx_word' id='word_1_277' title='bbox 1267 3951 1283 3999; x_wconf 91' lang='lat'><strong><em>1</em></strong></span> <span class='ocrx_word' id='word_1_278' title='bbox 1302 3947 1330 3999; x_wconf 93' lang='grc' dir='ltr'><em>Β</em></span> 
     </span>
     <span class='ocr_line' id='line_1_33' title="bbox 185 4028 1329 4100; baseline 0.003 -19"><span class='ocrx_word' id='word_1_279' title='bbox 185 4028 361 4098; x_wconf 73' lang='lat' dir='ltr'>chyrmgnA</span> <span class='ocrx_word' id='word_1_280' title='bbox 415 4031 594 4098; x_wconf 84' lang='lat' dir='ltr'>8mathesym</span> <span class='ocrx_word' id='word_1_281' title='bbox 607 4032 634 4084; x_wconf 98' lang='lat' dir='ltr'><strong><em>A</em></strong></span> <span class='ocrx_word' id='word_1_282' title='bbox 687 4031 829 4100; x_wconf 84' lang='lat' dir='ltr'>quiaAB]</span> <span class='ocrx_word' id='word_1_283' title='bbox 843 4029 953 4100; x_wconf 57' lang='lat' dir='ltr'>quodi)</span> <span class='ocrx_word' id='word_1_284' title='bbox 1007 4047 1123 4100; x_wconf 84' lang='lat' dir='ltr'>cyrrogr.</span> <span class='ocrx_word' id='word_1_285' title='bbox 1138 4033 1173 4096; x_wconf 91' lang='lat' dir='ltr'>A,</span> <span class='ocrx_word' id='word_1_286' title='bbox 1186 4048 1288 4100; x_wconf 85' lang='lat' dir='ltr'>cyrogr.</span> <span class='ocrx_word' id='word_1_287' title='bbox 1302 4034 1329 4086; x_wconf 94' lang='grc' dir='ltr'>Β</span> 
     </span>
     <span class='ocr_line' id='line_1_34' title="bbox 185 4114 1330 4187; baseline 0 -16"><span class='ocrx_word' id='word_1_288' title='bbox 185 4114 335 4171; x_wconf 87' lang='lat' dir='ltr'>9solueret</span> <span class='ocrx_word' id='word_1_289' title='bbox 352 4117 380 4171; x_wconf 94' lang='lat' dir='ltr'><strong><em>A</em></strong></span> <span class='ocrx_word' id='word_1_290' title='bbox 452 4120 484 4173; x_wconf 88' lang='lat'>10</span> <span class='ocrx_word' id='word_1_291' title='bbox 503 4116 569 4170; x_wconf 90' lang='lat' dir='ltr'>dicit</span> <span class='ocrx_word' id='word_1_292' title='bbox 587 4114 651 4184; x_wconf 56' lang='lat' dir='ltr'>Aa),</span> <span class='ocrx_word' id='word_1_293' title='bbox 670 4116 737 4170; x_wconf 84' lang='lat' dir='ltr'>dixit</span> <span class='ocrx_word' id='word_1_294' title='bbox 754 4119 782 4171; x_wconf 93' lang='grc' dir='ltr'><em>Β</em></span> <span class='ocrx_word' id='word_1_295' title='bbox 854 4121 884 4174; x_wconf 94' lang='grc'>11</span> <span class='ocrx_word' id='word_1_296' title='bbox 905 4118 1036 4187; x_wconf 86' lang='lat' dir='ltr'>sapientia</span> <span class='ocrx_word' id='word_1_297' title='bbox 1058 4136 1108 4174; x_wconf 85' lang='lat' dir='ltr'>om.</span> <span class='ocrx_word' id='word_1_298' title='bbox 1128 4121 1156 4173; x_wconf 93' lang='grc' dir='ltr'><em>Β</em></span> <span class='ocrx_word' id='word_1_299' title='bbox 1228 4121 1260 4175; x_wconf 88' lang='grc'>13</span> <span class='ocrx_word' id='word_1_300' title='bbox 1278 4134 1330 4186; x_wconf 84' lang='lat' dir='ltr'>que</span> 
     </span>
     <span class='ocr_line' id='line_1_35' title="bbox 181 4202 1330 4275; baseline 0.002 -18"><span class='ocrx_word' id='word_1_301' title='bbox 181 4208 246 4270; x_wconf 77' lang='lat' dir='ltr'>poet</span> <span class='ocrx_word' id='word_1_302' title='bbox 263 4217 356 4256; x_wconf 89' lang='lat' dir='ltr'>omues</span> <span class='ocrx_word' id='word_1_303' title='bbox 379 4221 429 4259; x_wconf 84' lang='lat' dir='ltr'>om.</span> <span class='ocrx_word' id='word_1_304' title='bbox 448 4205 476 4257; x_wconf 93' lang='grc' dir='ltr'><em>Β</em></span> <span class='ocrx_word' id='word_1_305' title='bbox 548 4206 580 4259; x_wconf 88' lang='grc'>14</span> <span class='ocrx_word' id='word_1_306' title='bbox 602 4220 666 4257; x_wconf 86' lang='lat' dir='ltr'>uero</span> <span class='ocrx_word' id='word_1_307' title='bbox 688 4222 739 4260; x_wconf 87' lang='lat' dir='ltr'>om.</span> <span class='ocrx_word' id='word_1_308' title='bbox 758 4202 814 4259; x_wconf 71' lang='lat' dir='ltr'>Bm</span> <span class='ocrx_word' id='word_1_309' title='bbox 885 4204 1083 4275; x_wconf 87' lang='lat' dir='ltr'>dispositiones]</span> <span class='ocrx_word' id='word_1_310' title='bbox 1107 4205 1279 4274; x_wconf 89' lang='lat' dir='ltr'>dispositione</span> <span class='ocrx_word' id='word_1_311' title='bbox 1302 4205 1330 4260; x_wconf 90' lang='grc' dir='ltr'><em>Β</em></span> 
     </span>
     <span class='ocr_line' id='line_1_36' title="bbox 185 4288 1330 4360; baseline 0.003 -18"><span class='ocrx_word' id='word_1_312' title='bbox 185 4288 227 4354; x_wconf 81' lang='lat' dir='ltr'>(ia</span> <span class='ocrx_word' id='word_1_313' title='bbox 244 4294 363 4344; x_wconf 73' lang='lat' dir='ltr'>ectreoac</span> <span class='ocrx_word' id='word_1_314' title='bbox 376 4290 496 4360; x_wconf 76' lang='lat' dir='ltr'>papiae)</span> <span class='ocrx_word' id='word_1_315' title='bbox 550 4293 582 4345; x_wconf 88' lang='lat'>15</span> <span class='ocrx_word' id='word_1_316' title='bbox 601 4290 643 4344; x_wconf 91' lang='lat' dir='ltr'>dei</span> <span class='ocrx_word' id='word_1_317' title='bbox 661 4290 970 4360; x_wconf 72' lang='lat' dir='ltr'>uddmapostprimum</span> <span class='ocrx_word' id='word_1_318' title='bbox 983 4289 1038 4346; x_wconf 74' lang='lat' dir='ltr'>Bu</span> <span class='ocrx_word' id='word_1_319' title='bbox 1093 4292 1182 4360; x_wconf 88' lang='lat' dir='ltr'>carne]</span> <span class='ocrx_word' id='word_1_320' title='bbox 1196 4294 1230 4360; x_wconf 82' lang='lat' dir='ltr'>cs.</span> <span class='ocrx_word' id='word_1_321' title='bbox 1243 4309 1330 4360; x_wconf 73' lang='lat' dir='ltr'>supro</span> 
     </span>
     <span class='ocr_line' id='line_1_37' title="bbox 185 4377 1327 4446; baseline 0.002 -16"><span class='ocrx_word' id='word_1_322' title='bbox 185 4392 211 4444; x_wconf 84' lang='lat' dir='ltr'>p.</span> <span class='ocrx_word' id='word_1_323' title='bbox 226 4378 268 4444; x_wconf 84' lang='lat'>55,</span> <span class='ocrx_word' id='word_1_324' title='bbox 282 4380 300 4430; x_wconf 86' lang='lat'><strong><em>6</em></strong></span> <span class='ocrx_word' id='word_1_325' title='bbox 316 4377 353 4430; x_wconf 83' lang='lat' dir='ltr'>ol.</span> <span class='ocrx_word' id='word_1_326' title='bbox 420 4379 453 4432; x_wconf 87' lang='grc'>16</span> <span class='ocrx_word' id='word_1_327' title='bbox 471 4378 642 4446; x_wconf 76' lang='lat' dir='ltr'>cyrogrAB</span> <span class='ocrx_word' id='word_1_328' title='bbox 710 4380 741 4432; x_wconf 80' lang='grc'>17</span> <span class='ocrx_word' id='word_1_329' title='bbox 759 4384 818 4433; x_wconf 71' lang='lat' dir='ltr'>crau</span> <span class='ocrx_word' id='word_1_330' title='bbox 836 4377 1000 4431; x_wconf 85' lang='lat' dir='ltr'>fabricarum</span> <span class='ocrx_word' id='word_1_331' title='bbox 1018 4379 1053 4444; x_wconf 91' lang='grc' dir='ltr'>Β,</span> <span class='ocrx_word' id='word_1_332' title='bbox 1072 4395 1140 4434; x_wconf 73' lang='lat' dir='ltr'>corr.</span> <span class='ocrx_word' id='word_1_333' title='bbox 1159 4380 1247 4433; x_wconf 79' lang='lat' dir='ltr'>altero</span> <span class='ocrx_word' id='word_1_334' title='bbox 1264 4380 1327 4446; x_wconf 76' lang='lat' dir='ltr'>fort.</span> 
     </span>
     <span class='ocr_line' id='line_1_38' title="bbox 186 4463 1057 4532; baseline 0.003 -14"><span class='ocrx_word' id='word_1_335' title='bbox 186 4479 257 4518; x_wconf 79' lang='lat' dir='ltr'>man.</span> <span class='ocrx_word' id='word_1_336' title='bbox 315 4465 348 4518; x_wconf 81' lang='lat'>18</span> <span class='ocrx_word' id='word_1_337' title='bbox 366 4463 423 4532; x_wconf 90' lang='lat' dir='ltr'>qui]</span> <span class='ocrx_word' id='word_1_338' title='bbox 442 4463 509 4520; x_wconf 82' lang='lat' dir='ltr'>‘eota</span> <span class='ocrx_word' id='word_1_339' title='bbox 527 4465 612 4519; x_wconf 79' lang='lat' dir='ltr'>editio</span> <span class='ocrx_word' id='word_1_340' title='bbox 630 4465 697 4519; x_wconf 82' lang='lat' dir='ltr'>Lov.</span> <span class='ocrx_word' id='word_1_341' title='bbox 717 4463 827 4530; x_wconf 78' lang='lat' dir='ltr'>quae&#39;t</span> <span class='ocrx_word' id='word_1_342' title='bbox 881 4466 916 4522; x_wconf 84' lang='lat'>20</span> <span class='ocrx_word' id='word_1_343' title='bbox 934 4463 1011 4517; x_wconf 86' lang='lat' dir='ltr'>iudas</span> <span class='ocrx_word' id='word_1_344' title='bbox 1029 4465 1057 4521; x_wconf 89' lang='lat' dir='ltr'><em>B</em></span> 
     </span>
    </p>
   </div>
   <div class='ocr_carea' id='block_1_6' title="bbox 0 0 1601 5075">
    <p class='ocr_par' dir='ltr' id='par_1_10' title="bbox 0 0 1601 5075">
     <span class='ocr_line' id='line_1_39' title="bbox 0 0 1601 5075; baseline 0 0"><span class='ocrx_word' id='word_1_345' title='bbox 0 0 1601 5075; x_wconf 95' lang='lat' dir='ltr'> </span> 
     </span>
    </p>
   </div>
  </div>
 </body>
</html>
