3175 5075
1158 528 1300 587 XXVIIII

153 697 342 767 spa'rabout)
361 697 432 753 altos
446 697 640 767 pausamus
657 702 687 751 ut
705 696 744 751 ad
760 700 887 753 connato
903 697 935 751 ta
953 696 1098 765 Epicwlis,
1115 698 1154 752 od
1170 698 1302 753 articulos

153 784 239 838 Fidei
256 789 281 839 et
298 784 427 840 adeamus
444 785 606 851 bundium,-
623 800 692 855 qaue
709 785 803 839 onmia
821 784 879 839 lucc
896 784 1016 839 εῑανίονα
1033 785 1092 839 suu
1109 784 1176 839 locis
1193 785 1301 853 coaspi-

154 871 290 925 cabuatur
305 872 461 940 perfacile«
497 870 570 923 Haec
589 870 641 925 ille.
672 869 818 925 Eusebium
836 869 945 937 quidem
963 869 1006 923 vel
1023 868 1198 923 Ammonium
1218 869 1303 925 Cano-

154 973 201 1011 nes
221 956 363 1011 confecisse
384 958 414 1011 in
436 959 550 1025 quatuor
567 956 773 1025 Evangelicrum
798 956 975 1020 concordiam,
999 958 1094 1010 notum
1116 958 1157 1010 est
1179 955 1303 1011 omnibus

154 1044 198 1108 (ci.
227 1043 359 1113 Gregory,
386 1043 574 1113 prolegomena
600 1043 634 1097 ad
659 1042 853 1097 Tischendorfii
879 1042 919 1097 ed.
939 1042 1008 1097 VIII
1034 1058 1096 1096 nou.
1124 1045 1185 1097 test.
1213 1043 1303 1111 (1884)

153 1146 179 1199 p.
195 1132 245 1186 145
255 1137 334 1199 sqq->3
352 1156 388 1175 »v
407 1134 435 1184 at
452 1130 481 1183 in
498 1129 625 1184 Paulinus
647 1130 735 1184 adhuc
753 1129 887 1199 Epistulas
904 1130 1026 1185 &nones
1044 1128 1231 1198 conscripsisse
1247 1130 1303 1182 sive

156 1215 332 1271 Ammonium
345 1218 399 1271 sire
411 1216 557 1272 Eusebium
569 1216 644 1271 nulla
659 1216 904 1286 probantreterum
916 1216 1079 1271 testimonia.
1097 1216 1185 1283 <Quod
1196 1216 1305 1271 Ueaaosi

155 1304 183 1357 ln
201 1306 264 1357 nota
280 1304 373 1358 laudat
386 1304 544 1373 Zaeagnum,
558 1304 695 1359 collectan.
709 1320 828 1359 monum.
838 1307 900 1368 uet,
914 1306 990 1367 1698,
1003 1302 1210 1357 ubiEuthalii
1221 1303 1304 1356 editio

156 1390 313 1459 epistPaul.
324 1389 425 1461 publici
434 1391 500 1444 iuris
509 1390 549 1455 fit,
556 1390 588 1444 cf.
595 1390 666 1444 inira
675 1390 800 1460 pXXX.)
814 1390 891 1457 Quod
901 1392 999 1445 attinet
1011 1390 1046 1443 ad
1054 1388 1303 1445 Priscillianum

155 1481 292 1531 auctorem
311 1476 443 1531 eiusmodi
461 1476 600 1533 canonum
619 1476 689 1547 apud
708 1477 826 1543 Latinos,
845 1477 966 1531 fortassis
988 1477 1016 1531 id
1034 1476 1153 1532 hauserit
1169 1475 1256 1531 Faber
1274 1492 1304 1530 ex

154 1564 270 1619 vetustis
283 1563 425 1619 (iudicibus
444 1580 509 1632 quos
528 1563 562 1617 ad
579 1581 674 1617 manus
692 1562 819 1617 habehat:
838 1563 885 1617 sed
903 1564 990 1617 adhuc
1008 1562 1198 1631 Inquirendum
1210 1565 1304 1629 restat,

154 1651 215 1718 quis
233 1652 284 1705 ista
306 1649 389 1705 iuerIt
413 1650 606 1705 Priscillianus.
642 1650 675 1704 In
697 1650 822 1719 Epitcme
843 1649 1025 1705 Bibliothecae
1044 1650 1155 1705 Gesnui
1177 1648 1210 1704 ab
1233 1649 1305 1703 Iosia

156 1736 270 1790 Simlero
288 1739 315 1791 ct
326 1736 446 1791 Iohanne
459 1737 555 1791 Iacobo
568 1736 653 1791 Frisic
666 1737 796 1791 adornata
808 1736 841 1791 de
853 1736 1021 1791 Priscillianc
1033 1736 1128 1791 Abilae
1137 1736 1268 1806 Episcopo
1287 1752 1304 1789 a

154 1823 271 1876 Maximo
284 1823 408 1893 Tyranno
421 1839 496 1877 caeso
515 1823 577 1892 (quo
591 1822 623 1877 de
636 1824 800 1877 mentionem
813 1822 878 1878 facit
891 1822 1003 1877 Sanctus
1016 1823 1196 1893 Hieronymus
1214 1824 1243 1876 in
1256 1838 1303 1876 suc

155 1910 403 1964 Ecclesiasticorum
417 1909 582 1979 Scriptorum
595 1908 733 1979 catalogo)
745 1910 811 1963 haec
822 1909 967 1965 habentur:
982 1911 1132 1966 »Eiusdem
1144 1917 1237 1966 ectum
1253 1910 1304 1965 Ou-

154 2014 238 2052 noacs
256 1998 311 2053 siue
323 1998 492 2067 Arpumcatc
511 2004 535 2051 et
553 1998 699 2053 Perductus
716 1997 792 2052 Noui
806 1998 992 2052 Testamenti«
1030 1996 1062 2049 Id
1081 1996 1152 2064 quud
1174 1996 1246 2050 unde
1268 1996 1304 2051 sit

155 2085 294 2151 acceptum
317 2098 378 2137 cum
397 2082 487 2137 nullus
506 2082 632 2137 afferatur
649 2083 735 2148 testis,
758 2085 789 2136 ut
808 2082 929 2137 divinare
947 2083 1096 2151 nsquImus,
1118 2083 1157 2137 ita
1179 2086 1303 2137 certum

155 2168 284 2237 aliquid
307 2169 344 2223 de
368 2186 403 2223 ea
425 2186 457 2224 re
481 2169 655 2223 affirmare
679 2185 741 2223 nou
764 2186 942 2238 possumus.
979 2168 1142 2238 conjicimus
1164 2172 1256 2223 tamen
1273 2186 1304 2223 ex

155 2258 306 2309 memorato
329 2254 411 2309 Fabri
432 2256 585 2310 testImonio
607 2256 658 2309 huc
680 2256 799 2325 potuisse
821 2256 888 2322 cici,
911 2272 973 2310 cum
996 2255 1125 2320 Oenones,
1148 2272 1214 2325 quos
1231 2256 1303 2310 idem

156 2340 244 2393 Faber
257 2342 331 2406 citat,
344 2334 411 2395 nihil
425 2340 498 2395 aliud
510 2342 597 2410 reIpsa
610 2342 672 2407 sint,
686 2358 766 2410 quam
775 2342 919 2396 Periochae
932 2342 987 2396 slve
999 2359 1090 2397 rerum
1098 2340 1266 2410 Argumenta
1275 2342 1304 2395 in

155 2427 278 2483 Paulinis
295 2428 422 2497 Epistolis
439 2432 635 2493 contentarum,
654 2431 685 2482 ut
702 2445 733 2481 ea
751 2432 814 2482 sunt
826 2445 893 2497 quae
909 2429 938 2482 iu
957 2431 1048 2482 nostro
1064 2428 1115 2483 hoe
1134 2444 1212 2498 opere
1225 2427 1303 2498 Capi-

154 2514 213 2568 tula
226 2514 402 2584 appellantur.
428 2514 499 2570 Nam
518 2532 579 2570 cum
598 2515 693 2584 priscis
711 2514 765 2569 illis
783 2519 904 2569 veterum
923 2514 1052 2570 Codicum
1071 2515 1225 2572 Canonibus
1238 2515 1303 2570 alios

156 2618 239 2657 novos
253 2602 372 2658 Oenones
384 2601 470 2657 Faber
483 2602 623 2667 suffecerit,
641 2601 760 2656 eiusdem
776 2605 903 2671 utrosque
915 2602 998 2656 fulsse
1014 2603 1126 2657 rationis
1138 2620 1187 2672 par
1199 2606 1240 2657 est
1251 2604 1304 2657 exi-

156 2689 275 2744 stimare.
294 2689 377 2743 Porro
390 2689 452 2742 novi
465 2687 505 2742 illi
514 2688 596 2744 Fabri
608 2705 722 2744 canones
733 2706 802 2759 pura
812 2693 879 2759 puta
891 2692 955 2744 sunt
963 2689 1139 2758 Argumenta,
1151 2693 1182 2745 ut
1199 2689 1304 2744 diceba·

158 2792 229 2842 mus,
249 2791 339 2830 rerum
357 2776 386 2829 in
404 2776 481 2830 Beati
498 2776 577 2830 Pauli
594 2776 722 2846 Epistulis
745 2777 1008 2846 comprehensarum
1027 2793 1089 2830 cum
1101 2776 1208 2846 singula
1224 2792 1304 2845 quae·

158 2877 209 2932 que
227 2863 315 2932 capita
332 2863 361 2916 iu
378 2861 497 2917 Oenones
516 2863 571 2916 sint
589 2862 736 2932 dispertita,
755 2864 801 2932 qui
819 2864 971 2932 interrupta
989 2879 1159 2918 uumeromm
1177 2863 1252 2929 serie,
1270 2862 1303 2918 ab

158 2948 265 3002 exordio
280 2947 313 3002 ad
330 2948 411 3002 finem
430 2965 512 3017 usque
531 2948 711 3018 Epistularum
726 2949 893 3018 singularum
910 2948 1119 3018 frequentissimi
1137 2952 1256 3013 curmnt,
1275 2949 1305 3004 in

158 3035 286 3104 Epistola,
300 3035 412 3104 exempli
425 3051 511 3100 causa,
528 3035 561 3088 ad
571 3035 704 3089 Romanm
717 3035 751 3088 ad
763 3038 820 3100 138,
834 3039 861 3089 et
870 3037 899 3089 in
908 3036 1029 3106 Epistola
1041 3036 1098 3090 lad
1108 3035 1260 3091 Curicthios
1270 3037 1304 3090 ad

159 3123 210 3177 129
223 3137 365 3175 numerum
382 3118 513 3190 perducti.
544 3121 615 3175 Hinc
627 3121 667 3186 fit,
686 3125 717 3175 ut
728 3122 903 3176 Paulinarum
916 3121 1037 3176 Cancues
1049 3122 1238 3192 Epistularum,
1258 3124 1303 3192 qui
1316 3159 1320 3164 -

157 3223 230 3262 nunc
242 3209 361 3278 primum
372 3209 512 3278 prodeunt,
523 3209 631 3263 omniuo
644 3208 690 3262 alii
700 3209 755 3262 sint
764 3225 780 3262 a
789 3208 942 3263 (lenonibus
952 3208 1064 3263 aFabro
1077 3211 1256 3264 memoratis.“
1270 3241 1303 3250 -

159 3295 246 3376 Quae
274 3296 313 3361 ab
337 3297 405 3379 ipso
429 3296 540 3362 deiude
563 3297 732 3362 Thomasio
764 3298 898 3361 eduntur
925 3298 1117 3362 ‘concordiae
1148 3315 1304 3363 canonum

159 3401 199 3464 de
233 3415 360 3482 corpore
395 3400 606 3483 Epistularum
637 3400 666 3466 S.
695 3401 797 3466 Pauli*
826 3421 857 3484 p.
885 3399 950 3464 384
972 3419 1040 3483 sqq.
1073 3402 1200 3466 eaedem
1231 3406 1306 3467 sunt

160 3521 238 3586 quas
258 3502 356 3568 habes
371 3505 404 3568 in
420 3505 486 3569 cod.
502 3503 663 3569 Amiatinu
680 3504 827 3570 Oeolfridi
849 3503 1043 3588 (nuperrime
1066 3523 1084 3569 a
1105 3506 1182 3569 uiris
1205 3506 1304 3570 doctis

160 3625 241 3672 saco.
254 3607 333 3672 VIII
348 3606 519 3690 niudicatu)
536 3607 581 3671 ed.
592 3607 819 3689 Tischendorf,
835 3627 865 3690 p.
877 3605 1060 3672 237-239.
1084 3607 1179 3691 (Sunt
1193 3607 1237 3671 56
1253 3627 1303 3673 ca-

159 3712 270 3793 pitula,
302 3727 434 3791 quorum
464 3711 601 3793 prImum
632 3712 676 3776 sio
698 3711 811 3776 habet:
841 3713 900 3775 ‘De
922 3712 1043 3777 unitate
1070 3713 1234 3794 ecclesIae,
1265 3714 1304 3777 ad

161 3813 273 3879 Gonl.
293 3811 328 3894 2,
357 3815 396 3878 ad
422 3814 499 3896 Eph.
528 3812 569 3876 14
596 3818 628 3880 et
653 3813 707 3896 15,
738 3815 778 3880 ad
807 3815 943 3899 Philipp.
966 3814 988 3878 5
1015 3820 1046 3881 et
1069 3815 1090 3879 6
1113 3819 1145 3881 et
1167 3816 1185 3877 7
1211 3817 1305 3882 etad

161 3917 225 3983 Col.
242 3917 318 4001 14’.)
340 3916 542 4001 ‘siugularum
564 3922 669 3983 autem
686 3919 891 4001 epistularum
907 3921 1145 4002 capitulationes
1161 3938 1240 4002 quae
1255 3940 1304 3985 se-

161 4025 300 4104 quuntur
331 4022 412 4104 apud
436 4021 643 4087 Thomasium
669 4042 699 4105 p.
721 4020 785 4085 388
806 4040 874 4104 sqq.
905 4025 1020 4106 partim
1047 4042 1120 4088 cum
1142 4023 1304 4088 Amiatino

160 4125 265 4190 codice
289 4125 480 4207 conspirant,
503 4126 618 4208 partim
633 4124 672 4189 ab
690 4143 725 4190 eo
742 4126 916 4190 dIscedunt.
947 4125 1033 4207 Quae
1048 4127 1161 4191 deinde
1175 4127 1306 4193 Ueazosi

161 4229 193 4293 in
216 4229 389 4313 appendice
419 4249 448 4311 p.
468 4226 642 4292 489-495
669 4229 757 4294 addit
783 4234 911 4295 centum
938 4230 1077 4314 capitula
1099 4250 1135 4294 ex
1158 4231 1304 4313 ‘antiquis

160 4333 352 4398 membranis
364 4330 571 4398 bibliothecae
584 4332 810 4399 Morbacensis'
823 4334 1008 4418 deprompta
1019 4336 1064 4398 sic
1074 4334 1303 4399 inscribunturz

162 4439 213 4504 ‘De
233 4439 284 4506 his
306 4455 387 4519 quae
402 4436 520 4519 aliquid
541 4437 562 4521 (!
581 4435 637 4523 leq.
655 4437 824 4524 aliquibus)
840 4439 981 4522 epistulis
999 4440 1114 4521 repetit
1136 4442 1168 4502 et
1186 4439 1304 4520 aliquo·
