<?xml version="1.0" encoding="UTF-8"?>
<!DOCTYPE html PUBLIC "-//W3C//DTD XHTML 1.0 Transitional//EN"
    "http://www.w3.org/TR/xhtml1/DTD/xhtml1-transitional.dtd">
<html xmlns="http://www.w3.org/1999/xhtml" xml:lang="en" lang="en">
 <head>
  <title>
</title>
<meta http-equiv="Content-Type" content="text/html;charset=utf-8" />
  <meta name='ocr-system' content='tesseract 3.04.00' />
  <meta name='ocr-capabilities' content='ocr_page ocr_carea ocr_par ocr_line ocrx_word'/>
</head>
<body>
  <div class='ocr_page' id='page_1' title='image "./corpusscriptoru01wissgoog_0118.png"; bbox 0 0 3175 5075; ppageno 0'>
   <div class='ocr_carea' id='block_1_1' title="bbox 502 1122 1041 1426">
    <p class='ocr_par' dir='ltr' id='par_1_1' title="bbox 502 1122 1041 1426">
     <span class='ocr_line' id='line_1_1' title="bbox 570 1122 974 1241; baseline 0 -1"><span class='ocrx_word' id='word_1_1' title='bbox 570 1122 974 1241; x_wconf 79' lang='lat' dir='ltr'>PltlStllllllNl</span> 
     </span>
     <span class='ocr_line' id='line_1_2' title="bbox 502 1340 1041 1426; baseline -0.002 0"><span class='ocrx_word' id='word_1_2' title='bbox 502 1340 821 1426; x_wconf 74' lang='lat' dir='ltr'>irrorares</span> <span class='ocrx_word' id='word_1_3' title='bbox 860 1341 1041 1425; x_wconf 84' lang='lat' dir='ltr'>uxonr.</span> 
     </span>
    </p>
   </div>
   <div class='ocr_carea' id='block_1_2' title="bbox 152 1530 1499 2722">
    <p class='ocr_par' dir='ltr' id='par_1_2' title="bbox 1357 1530 1499 1571">
     <span class='ocr_line' id='line_1_3' title="bbox 1357 1530 1499 1571; baseline -0.007 -1"><span class='ocrx_word' id='word_1_4' title='bbox 1357 1530 1499 1571; x_wconf 86' lang='lat' dir='ltr'>Wiroeb.lol.</span> 
     </span>
    </p>

    <p class='ocr_par' dir='ltr' id='par_1_3' title="bbox 167 1600 1421 2320">
     <span class='ocr_line' id='line_1_4' title="bbox 240 1600 1421 1691; baseline -0.008 -18"><span class='ocrx_word' id='word_1_5' title='bbox 240 1607 424 1673; x_wconf 81' lang='lat' dir='ltr'>Sufficiebat</span> <span class='ocrx_word' id='word_1_6' title='bbox 458 1607 583 1691; x_wconf 85' lang='lat' dir='ltr'>quidem</span> <span class='ocrx_word' id='word_1_7' title='bbox 619 1606 819 1671; x_wconf 74' lang='lat' dir='ltr'><strong>credentibus</strong></span> <span class='ocrx_word' id='word_1_8' title='bbox 853 1607 903 1671; x_wconf 92' lang='lat' dir='ltr'>dei</span> <span class='ocrx_word' id='word_1_9' title='bbox 938 1624 1050 1687; x_wconf 90' lang='lat' dir='ltr'>sermo,</span> <span class='ocrx_word' id='word_1_10' title='bbox 1085 1607 1138 1689; x_wconf 90' lang='lat' dir='ltr'>qui</span> <span class='ocrx_word' id='word_1_11' title='bbox 1172 1606 1342 1689; x_wconf 89' lang='lat' dir='ltr'>apostolico</span> <span class='ocrx_word' id='word_1_12' title='bbox 1367 1600 1421 1664; x_wconf 66' lang='lat' dir='ltr'>alb</span> 
     </span>
     <span class='ocr_line' id='line_1_5' title="bbox 197 1710 1345 1795; baseline -0.003 -18"><span class='ocrx_word' id='word_1_13' title='bbox 197 1713 378 1777; x_wconf 87' lang='lat' dir='ltr'>testimonio</span> <span class='ocrx_word' id='word_1_14' title='bbox 409 1731 481 1775; x_wconf 91' lang='lat' dir='ltr'>oum</span> <span class='ocrx_word' id='word_1_15' title='bbox 512 1713 581 1795; x_wconf 90' lang='lat' dir='ltr'>ipsa</span> <span class='ocrx_word' id='word_1_16' title='bbox 608 1712 640 1775; x_wconf 92' lang='lat' dir='ltr'>in</span> <span class='ocrx_word' id='word_1_17' title='bbox 671 1730 727 1775; x_wconf 87' lang='lat' dir='ltr'>nos</span> <span class='ocrx_word' id='word_1_18' title='bbox 758 1712 902 1776; x_wconf 87' lang='lat' dir='ltr'>ueritatis</span> <span class='ocrx_word' id='word_1_19' title='bbox 933 1713 1049 1776; x_wconf 92' lang='lat' dir='ltr'>uirtute</span> <span class='ocrx_word' id='word_1_20' title='bbox 1079 1711 1259 1775; x_wconf 80' lang='lat' dir='ltr'>transfusus</span> <span class='ocrx_word' id='word_1_21' title='bbox 1290 1710 1345 1775; x_wconf 81' lang='lat' dir='ltr'>alr-</span> 
     </span>
     <span class='ocr_line' id='line_1_6' title="bbox 167 1815 1344 1900; baseline 0.003 -24"><span class='ocrx_word' id='word_1_22' title='bbox 167 1818 387 1883; x_wconf 77' lang='lat' dir='ltr'>ssolutionem</span> <span class='ocrx_word' id='word_1_23' title='bbox 418 1818 494 1881; x_wconf 91' lang='lat' dir='ltr'>dieti</span> <span class='ocrx_word' id='word_1_24' title='bbox 524 1818 556 1881; x_wconf 94' lang='lat' dir='ltr'>in</span> <span class='ocrx_word' id='word_1_25' title='bbox 579 1815 737 1900; x_wconf 84' lang='lat' dir='ltr'>parabolis</span> <span class='ocrx_word' id='word_1_26' title='bbox 761 1817 913 1881; x_wconf 90' lang='lat' dir='ltr'>sermonis</span> <span class='ocrx_word' id='word_1_27' title='bbox 937 1817 1060 1881; x_wconf 75' lang='lat' dir='ltr'>edocuit</span> <span class='ocrx_word' id='word_1_28' title='bbox 1087 1817 1209 1881; x_wconf 75' lang='lat' dir='ltr'>dicente</span> <span class='ocrx_word' id='word_1_29' title='bbox 1232 1816 1344 1880; x_wconf 90' lang='lat' dir='ltr'>Paulo:</span> 
     </span>
     <span class='ocr_line' id='line_1_7' title="bbox 196 1921 1345 2006; baseline -0.003 -19"><span class='ocrx_word' id='word_1_30' title='bbox 196 1941 310 2006; x_wconf 89' lang='lat' dir='ltr'>pasca</span> <span class='ocrx_word' id='word_1_31' title='bbox 343 1926 511 1987; x_wconf 89' lang='lat' dir='ltr'>nostrum</span> <span class='ocrx_word' id='word_1_32' title='bbox 545 1922 749 1987; x_wconf 88' lang='lat' dir='ltr'>inmolatus</span> <span class='ocrx_word' id='word_1_33' title='bbox 781 1924 840 1985; x_wconf 92' lang='lat' dir='ltr'>est</span> <span class='ocrx_word' id='word_1_34' title='bbox 870 1921 1059 1997; x_wconf 61' lang='lat' dir='ltr'>Christum</span> <span class='ocrx_word' id='word_1_35' title='bbox 1094 1922 1149 1985; x_wconf 91' lang='lat' dir='ltr'>sed</span> <span class='ocrx_word' id='word_1_36' title='bbox 1179 1922 1253 2003; x_wconf 86' lang='lat' dir='ltr'>quia</span> <span class='ocrx_word' id='word_1_37' title='bbox 1282 1938 1345 1984; x_wconf 91' lang='lat' dir='ltr'>non</span> 
     </span>
     <span class='ocr_line' id='line_1_8' title="bbox 198 2025 1345 2111; baseline -0.002 -20"><span class='ocrx_word' id='word_1_38' title='bbox 198 2028 307 2092; x_wconf 88' lang='lat' dir='ltr'>statim</span> <span class='ocrx_word' id='word_1_39' title='bbox 343 2026 529 2111; x_wconf 88' lang='lat' dir='ltr'>significatio</span> <span class='ocrx_word' id='word_1_40' title='bbox 563 2025 738 2090; x_wconf 84' lang='lat' dir='ltr'>uisibilium</span> <span class='ocrx_word' id='word_1_41' title='bbox 773 2030 805 2090; x_wconf 93' lang='lat' dir='ltr'>et</span> <span class='ocrx_word' id='word_1_42' title='bbox 835 2026 1038 2091; x_wconf 88' lang='lat' dir='ltr'>efficientiam</span> <span class='ocrx_word' id='word_1_43' title='bbox 1067 2045 1174 2090; x_wconf 89' lang='lat' dir='ltr'>rerum</span> <span class='ocrx_word' id='word_1_44' title='bbox 1204 2029 1235 2089; x_wconf 92' lang='lat' dir='ltr'>et</span> <span class='ocrx_word' id='word_1_45' title='bbox 1264 2029 1345 2089; x_wconf 90' lang='lat' dir='ltr'>tem-</span> 
     </span>
     <span class='ocr_line' id='line_1_9' title="bbox 197 2130 1344 2215; baseline -0.003 -19"><span class='ocrx_word' id='word_1_46' title='bbox 197 2150 309 2215; x_wconf 93' lang='lat' dir='ltr'>porum</span> <span class='ocrx_word' id='word_1_47' title='bbox 339 2131 640 2196; x_wconf 75' lang='lat' dir='ltr'>demonstrationem</span> <span class='ocrx_word' id='word_1_48' title='bbox 671 2135 703 2198; x_wconf 93' lang='lat' dir='ltr'>et</span> <span class='ocrx_word' id='word_1_49' title='bbox 734 2131 904 2214; x_wconf 80' lang='lat' dir='ltr'>dispositae</span> <span class='ocrx_word' id='word_1_50' title='bbox 934 2132 967 2195; x_wconf 93' lang='lat' dir='ltr'>in</span> <span class='ocrx_word' id='word_1_51' title='bbox 996 2148 1053 2195; x_wconf 92' lang='lat' dir='ltr'>nos</span> <span class='ocrx_word' id='word_1_52' title='bbox 1087 2134 1217 2195; x_wconf 89' lang='lat' dir='ltr'>naturae</span> <span class='ocrx_word' id='word_1_53' title='bbox 1251 2130 1344 2193; x_wconf 92' lang='lat' dir='ltr'>intel-</span> 
     </span>
     <span class='ocr_line' id='line_1_10' title="bbox 196 2235 1342 2320; baseline -0.002 -20"><span class='ocrx_word' id='word_1_54' title='bbox 196 2237 369 2320; x_wconf 86' lang='lat' dir='ltr'>legentiam</span> <span class='ocrx_word' id='word_1_55' title='bbox 393 2238 649 2319; x_wconf 88' lang='lat' dir='ltr'>conpraehendit‚</span> <span class='ocrx_word' id='word_1_56' title='bbox 673 2237 748 2301; x_wconf 88' lang='lat' dir='ltr'>lieet</span> <span class='ocrx_word' id='word_1_57' title='bbox 763 2236 943 2318; x_wconf 90' lang='lat' dir='ltr'>conparatio</span> <span class='ocrx_word' id='word_1_58' title='bbox 968 2240 1163 2299; x_wconf 92' lang='lat' dir='ltr'>terrenorum</span> <span class='ocrx_word' id='word_1_59' title='bbox 1187 2235 1342 2299; x_wconf 89' lang='lat' dir='ltr'>addeum</span> 
     </span>
    </p>

    <p class='ocr_par' dir='ltr' id='par_1_4' title="bbox 152 2338 1406 2722">
     <span class='ocr_line' id='line_1_11' title="bbox 152 2338 1406 2426; baseline 0.002 -25"><span class='ocrx_word' id='word_1_60' title='bbox 152 2360 181 2399; x_wconf 90' lang='lat'>10</span> <span class='ocrx_word' id='word_1_61' title='bbox 197 2342 286 2405; x_wconf 89' lang='lat' dir='ltr'>nulla</span> <span class='ocrx_word' id='word_1_62' title='bbox 302 2342 353 2422; x_wconf 86' lang='lat' dir='ltr'>sit,</span> <span class='ocrx_word' id='word_1_63' title='bbox 370 2344 487 2423; x_wconf 87' lang='lat' dir='ltr'>tamen,</span> <span class='ocrx_word' id='word_1_64' title='bbox 504 2342 578 2423; x_wconf 88' lang='lat' dir='ltr'>quia</span> <span class='ocrx_word' id='word_1_65' title='bbox 592 2342 712 2406; x_wconf 90' lang='lat' dir='ltr'>omnis</span> <span class='ocrx_word' id='word_1_66' title='bbox 734 2341 925 2405; x_wconf 85' lang='lat' dir='ltr'>scribtura</span> <span class='ocrx_word' id='word_1_67' title='bbox 939 2338 948 2426; x_wconf 76' lang='lat' dir='ltr'>ll</span> <span class='ocrx_word' id='word_1_68' title='bbox 963 2340 1342 2423; x_wconf 89' lang='lat' dir='ltr'>interpraetationem</span> <span class='ocrx_word' id='word_1_69' title='bbox 1367 2352 1406 2404; x_wconf 82' lang='lat'>92</span> 
     </span>
     <span class='ocr_line' id='line_1_12' title="bbox 197 2444 1343 2530; baseline -0.002 -21"><span class='ocrx_word' id='word_1_70' title='bbox 197 2446 347 2530; x_wconf 85' lang='lat' dir='ltr'>indiget</span> <span class='ocrx_word' id='word_1_71' title='bbox 369 2448 401 2510; x_wconf 88' lang='lat' dir='ltr'>et</span> <span class='ocrx_word' id='word_1_72' title='bbox 423 2446 581 2511; x_wconf 89' lang='lat' dir='ltr'>humanae</span> <span class='ocrx_word' id='word_1_73' title='bbox 597 2447 834 2530; x_wconf 82' lang='lat' dir='ltr'>intellegentiae</span> <span class='ocrx_word' id='word_1_74' title='bbox 856 2444 1024 2510; x_wconf 87' lang='lat' dir='ltr'>infirmitas</span> <span class='ocrx_word' id='word_1_75' title='bbox 1041 2445 1126 2529; x_wconf 87' lang='lat' dir='ltr'>cogit</span> <span class='ocrx_word' id='word_1_76' title='bbox 1147 2463 1252 2508; x_wconf 91' lang='lat' dir='ltr'>rerum</span> <span class='ocrx_word' id='word_1_77' title='bbox 1273 2464 1343 2527; x_wconf 88' lang='lat' dir='ltr'>spe-</span> 
     </span>
     <span class='ocr_line' id='line_1_13' title="bbox 196 2552 1345 2636; baseline 0 -22"><span class='ocrx_word' id='word_1_78' title='bbox 196 2552 260 2615; x_wconf 88' lang='lat' dir='ltr'>cies</span> <span class='ocrx_word' id='word_1_79' title='bbox 295 2554 491 2616; x_wconf 90' lang='lat' dir='ltr'>terrenarum</span> <span class='ocrx_word' id='word_1_80' title='bbox 526 2557 690 2636; x_wconf 88' lang='lat' dir='ltr'>tamquam</span> <span class='ocrx_word' id='word_1_81' title='bbox 725 2553 922 2636; x_wconf 87' lang='lat' dir='ltr'>superiorum</span> <span class='ocrx_word' id='word_1_82' title='bbox 955 2552 1074 2615; x_wconf 89' lang='lat' dir='ltr'>indices</span> <span class='ocrx_word' id='word_1_83' title='bbox 1108 2568 1275 2632; x_wconf 88' lang='lat' dir='ltr'>quaerere,</span> <span class='ocrx_word' id='word_1_84' title='bbox 1309 2554 1345 2614; x_wconf 92' lang='lat' dir='ltr'>ut</span> 
     </span>
     <span class='ocr_line' id='line_1_14' title="bbox 196 2655 1344 2722; baseline -0.001 -3"><span class='ocrx_word' id='word_1_85' title='bbox 196 2656 372 2720; x_wconf 84' lang='lat' dir='ltr'>risibilium</span> <span class='ocrx_word' id='word_1_86' title='bbox 407 2658 632 2722; x_wconf 90' lang='lat' dir='ltr'>consuetudine</span> <span class='ocrx_word' id='word_1_87' title='bbox 666 2657 866 2722; x_wconf 79' lang='lat' dir='ltr'>familiariter</span> <span class='ocrx_word' id='word_1_88' title='bbox 904 2657 1092 2720; x_wconf 86' lang='lat' dir='ltr'>admonente</span> <span class='ocrx_word' id='word_1_89' title='bbox 1127 2657 1167 2719; x_wconf 93' lang='lat' dir='ltr'>ad</span> <span class='ocrx_word' id='word_1_90' title='bbox 1200 2655 1344 2719; x_wconf 89' lang='lat' dir='ltr'>insolitos</span> 
     </span>
    </p>
   </div>
   <div class='ocr_carea' id='block_1_3' title="bbox 194 2793 1343 2950">
    <p class='ocr_par' dir='ltr' id='par_1_5' title="bbox 194 2793 1343 2950">
     <span class='ocr_line' id='line_1_15' title="bbox 302 2793 1343 2865; baseline -0.004 -15"><span class='ocrx_word' id='word_1_91' title='bbox 302 2798 318 2850; x_wconf 87' lang='lat'>6</span> <span class='ocrx_word' id='word_1_92' title='bbox 341 2795 364 2848; x_wconf 84' lang='grc' dir='ltr'>Ι,</span> <span class='ocrx_word' id='word_1_93' title='bbox 382 2793 442 2849; x_wconf 88' lang='lat' dir='ltr'>Cor.</span> <span class='ocrx_word' id='word_1_94' title='bbox 460 2799 484 2860; x_wconf 88' lang='lat'>5,</span> <span class='ocrx_word' id='word_1_95' title='bbox 502 2799 525 2850; x_wconf 83' lang='grc'>7.</span> <span class='ocrx_word' id='word_1_96' title='bbox 628 2799 660 2851; x_wconf 85' lang='grc'>10</span> <span class='ocrx_word' id='word_1_97' title='bbox 685 2796 918 2859; x_wconf 74' lang='lat' dir='ltr'>11.Porr.1‚2o;</span> <span class='ocrx_word' id='word_1_98' title='bbox 945 2796 1121 2863; x_wconf 79' lang='lat' dir='ltr'>Bachiarius,</span> <span class='ocrx_word' id='word_1_99' title='bbox 1135 2797 1212 2865; x_wconf 78' lang='lat' dir='ltr'>prof.</span> <span class='ocrx_word' id='word_1_100' title='bbox 1230 2795 1277 2862; x_wconf 82' lang='lat' dir='ltr'>fid.</span> <span class='ocrx_word' id='word_1_101' title='bbox 1303 2793 1343 2847; x_wconf 90' lang='lat' dir='ltr'>ed.</span> 
     </span>
     <span class='ocr_line' id='line_1_16' title="bbox 194 2881 466 2950; baseline 0 -14"><span class='ocrx_word' id='word_1_102' title='bbox 194 2881 287 2950; x_wconf 80' lang='lat' dir='ltr'>migne</span> <span class='ocrx_word' id='word_1_103' title='bbox 306 2882 466 2946; x_wconf 83' lang='lat' dir='ltr'>20,1034A.</span> 
     </span>
    </p>
   </div>
   <div class='ocr_carea' id='block_1_4' title="bbox 89 3011 1346 3956">
    <p class='ocr_par' dir='ltr' id='par_1_6' title="bbox 89 3011 1346 3956">
     <span class='ocr_line' id='line_1_17' title="bbox 300 3011 1345 3083; baseline -0.003 -15"><span class='ocrx_word' id='word_1_104' title='bbox 300 3017 317 3069; x_wconf 88' lang='lat'><strong>3</strong></span> <span class='ocrx_word' id='word_1_105' title='bbox 335 3015 475 3083; x_wconf 78' lang='lat' dir='ltr'>Hilarius,</span> <span class='ocrx_word' id='word_1_106' title='bbox 495 3015 526 3069; x_wconf 86' lang='lat' dir='ltr'>de</span> <span class='ocrx_word' id='word_1_107' title='bbox 544 3016 608 3070; x_wconf 80' lang='lat' dir='ltr'>trio.</span> <span class='ocrx_word' id='word_1_108' title='bbox 628 3016 672 3070; x_wconf 84' lang='lat' dir='ltr'>lib.</span> <span class='ocrx_word' id='word_1_109' title='bbox 687 3016 771 3082; x_wconf 81' lang='lat'><strong><em>11,1.·</em></strong></span> <span class='ocrx_word' id='word_1_110' title='bbox 795 3013 952 3067; x_wconf 82' lang='lat' dir='ltr'>Sulficiebat</span> <span class='ocrx_word' id='word_1_111' title='bbox 974 3013 1083 3081; x_wconf 84' lang='lat' dir='ltr'>quidem</span> <span class='ocrx_word' id='word_1_112' title='bbox 1108 3012 1278 3066; x_wconf 84' lang='lat' dir='ltr'>credentibus</span> <span class='ocrx_word' id='word_1_113' title='bbox 1302 3011 1345 3065; x_wconf 90' lang='lat' dir='ltr'>dei</span> 
     </span>
     <span class='ocr_line' id='line_1_18' title="bbox 194 3100 1345 3170; baseline -0.003 -14"><span class='ocrx_word' id='word_1_114' title='bbox 194 3119 291 3166; x_wconf 90' lang='lat' dir='ltr'>sermo,</span> <span class='ocrx_word' id='word_1_115' title='bbox 315 3100 360 3170; x_wconf 89' lang='lat' dir='ltr'>qui</span> <span class='ocrx_word' id='word_1_116' title='bbox 383 3103 411 3154; x_wconf 94' lang='lat' dir='ltr'>in</span> <span class='ocrx_word' id='word_1_117' title='bbox 435 3119 510 3155; x_wconf 87' lang='lat' dir='ltr'>aures</span> <span class='ocrx_word' id='word_1_118' title='bbox 534 3106 637 3156; x_wconf 86' lang='lat' dir='ltr'>nostras</span> <span class='ocrx_word' id='word_1_119' title='bbox 661 3102 841 3170; x_wconf 89' lang='lat' dir='ltr'>euangelistae</span> <span class='ocrx_word' id='word_1_120' title='bbox 868 3102 1021 3155; x_wconf 89' lang='lat' dir='ltr'>testimonio</span> <span class='ocrx_word' id='word_1_121' title='bbox 1049 3117 1110 3154; x_wconf 89' lang='lat' dir='ltr'>cum</span> <span class='ocrx_word' id='word_1_122' title='bbox 1137 3100 1197 3170; x_wconf 91' lang='lat' dir='ltr'>ipsa</span> <span class='ocrx_word' id='word_1_123' title='bbox 1223 3100 1345 3153; x_wconf 90' lang='lat' dir='ltr'>ueritatis</span> 
     </span>
     <span class='ocr_line' id='line_1_19' title="bbox 89 3181 1346 3256; baseline -0.002 -12"><span class='ocrx_word' id='word_1_124' title='bbox 89 3181 92 3186; x_wconf 44' lang='lat'><strong>¹</strong></span> <span class='ocrx_word' id='word_1_125' title='bbox 194 3207 257 3244; x_wconf 87' lang='lat' dir='ltr'>suae</span> <span class='ocrx_word' id='word_1_126' title='bbox 276 3189 378 3242; x_wconf 87' lang='lat' dir='ltr'>uirtute</span> <span class='ocrx_word' id='word_1_127' title='bbox 397 3189 548 3243; x_wconf 88' lang='lat' dir='ltr'>transfusus</span> <span class='ocrx_word' id='word_1_128' title='bbox 571 3193 619 3252; x_wconf 87' lang='lat' dir='ltr'>est,</span> <span class='ocrx_word' id='word_1_129' title='bbox 638 3206 700 3242; x_wconf 88' lang='lat' dir='ltr'>cum</span> <span class='ocrx_word' id='word_1_130' title='bbox 720 3189 786 3243; x_wconf 90' lang='lat' dir='ltr'>dicit</span> <span class='ocrx_word' id='word_1_131' title='bbox 805 3189 930 3242; x_wconf 89' lang='lat' dir='ltr'>dominus</span> <span class='ocrx_word' id='word_1_132' title='bbox 950 3188 1051 3241; x_wconf 90' lang='lat' dir='ltr'>‘euntes</span> <span class='ocrx_word' id='word_1_133' title='bbox 1070 3205 1091 3241; x_wconf 92' lang='lat' dir='ltr'>e.</span> <span class='ocrx_word' id='word_1_134' title='bbox 1109 3204 1134 3256; x_wconf 90' lang='lat' dir='ltr'>q.</span> <span class='ocrx_word' id='word_1_135' title='bbox 1148 3187 1191 3252; x_wconf 79' lang='lat' dir='ltr'>s’3</span> <span class='ocrx_word' id='word_1_136' title='bbox 1213 3189 1346 3242; x_wconf 78' lang='lat' dir='ltr'>Faustini</span> 
     </span>
     <span class='ocr_line' id='line_1_20' title="bbox 192 3274 1345 3346; baseline -0.001 -18"><span class='ocrx_word' id='word_1_137' title='bbox 192 3279 240 3346; x_wconf 75' lang='lat' dir='ltr'>fid.</span> <span class='ocrx_word' id='word_1_138' title='bbox 264 3276 365 3345; x_wconf 89' lang='lat' dir='ltr'>(Migne</span> <span class='ocrx_word' id='word_1_139' title='bbox 390 3279 429 3340; x_wconf 91' lang='lat'>13,</span> <span class='ocrx_word' id='word_1_140' title='bbox 448 3277 504 3345; x_wconf 81' lang='lat'><strong>79):</strong></span> <span class='ocrx_word' id='word_1_141' title='bbox 528 3276 684 3330; x_wconf 80' lang='lat' dir='ltr'>Surffioiebat</span> <span class='ocrx_word' id='word_1_142' title='bbox 706 3277 772 3330; x_wconf 87' lang='lat' dir='ltr'>fides</span> <span class='ocrx_word' id='word_1_143' title='bbox 796 3277 947 3344; x_wconf 84' lang='lat' dir='ltr'>conscripta</span> <span class='ocrx_word' id='word_1_144' title='bbox 971 3275 1041 3344; x_wconf 91' lang='lat' dir='ltr'>apud</span> <span class='ocrx_word' id='word_1_145' title='bbox 1065 3275 1192 3328; x_wconf 84' lang='lat' dir='ltr'>Nica-eam</span> <span class='ocrx_word' id='word_1_146' title='bbox 1212 3318 1217 3328; x_wconf 95' lang='lat'>.</span> <span class='ocrx_word' id='word_1_147' title='bbox 1236 3317 1242 3328; x_wconf 86' lang='lat'>.</span> <span class='ocrx_word' id='word_1_148' title='bbox 1261 3315 1275 3339; x_wconf 89' lang='lat'>.,</span> <span class='ocrx_word' id='word_1_149' title='bbox 1299 3274 1345 3328; x_wconf 86' lang='lat' dir='ltr'>sed</span> 
     </span>
     <span class='ocr_line' id='line_1_21' title="bbox 194 3363 1345 3433; baseline -0.002 -16"><span class='ocrx_word' id='word_1_150' title='bbox 194 3365 258 3432; x_wconf 87' lang='lat' dir='ltr'>quia</span> <span class='ocrx_word' id='word_1_151' title='bbox 276 3367 325 3418; x_wconf 88' lang='lat' dir='ltr'>ete.</span> <span class='ocrx_word' id='word_1_152' title='bbox 398 3366 413 3418; x_wconf 83' lang='lat'><strong>7</strong></span> <span class='ocrx_word' id='word_1_153' title='bbox 432 3365 571 3433; x_wconf 79' lang='lat' dir='ltr'>Hilarius,</span> <span class='ocrx_word' id='word_1_154' title='bbox 589 3365 662 3420; x_wconf 79' lang='lat' dir='ltr'>ibid.-</span> <span class='ocrx_word' id='word_1_155' title='bbox 684 3381 746 3418; x_wconf 89' lang='lat' dir='ltr'>nam</span> <span class='ocrx_word' id='word_1_156' title='bbox 765 3368 792 3418; x_wconf 90' lang='lat' dir='ltr'>et</span> <span class='ocrx_word' id='word_1_157' title='bbox 815 3364 958 3418; x_wconf 90' lang='lat' dir='ltr'>uerborum</span> <span class='ocrx_word' id='word_1_158' title='bbox 981 3363 1218 3431; x_wconf 84' lang='lat' dir='ltr'>significationem</span> <span class='ocrx_word' id='word_1_159' title='bbox 1236 3366 1264 3416; x_wconf 92' lang='lat' dir='ltr'>et</span> <span class='ocrx_word' id='word_1_160' title='bbox 1287 3363 1345 3416; x_wconf 89' lang='lat' dir='ltr'>effi-</span> 
     </span>
     <span class='ocr_line' id='line_1_22' title="bbox 194 3449 1345 3520; baseline -0.001 -16"><span class='ocrx_word' id='word_1_161' title='bbox 194 3451 322 3505; x_wconf 87' lang='lat' dir='ltr'>cientiam</span> <span class='ocrx_word' id='word_1_162' title='bbox 340 3467 429 3504; x_wconf 82' lang='lat' dir='ltr'>rerum</span> <span class='ocrx_word' id='word_1_163' title='bbox 448 3454 476 3505; x_wconf 90' lang='lat' dir='ltr'>et</span> <span class='ocrx_word' id='word_1_164' title='bbox 494 3451 663 3520; x_wconf 88' lang='lat' dir='ltr'>negotiorum</span> <span class='ocrx_word' id='word_1_165' title='bbox 682 3451 803 3504; x_wconf 88' lang='lat' dir='ltr'>ordinem</span> <span class='ocrx_word' id='word_1_166' title='bbox 822 3455 849 3505; x_wconf 89' lang='lat' dir='ltr'>et</span> <span class='ocrx_word' id='word_1_167' title='bbox 868 3454 978 3504; x_wconf 87' lang='lat' dir='ltr'>naturae</span> <span class='ocrx_word' id='word_1_168' title='bbox 996 3449 1207 3519; x_wconf 87' lang='lat' dir='ltr'>intellegentiam</span> <span class='ocrx_word' id='word_1_169' title='bbox 1227 3466 1345 3519; x_wconf 89' lang='lat' dir='ltr'>compre-</span> 
     </span>
     <span class='ocr_line' id='line_1_23' title="bbox 192 3537 1345 3608; baseline -0.001 -16"><span class='ocrx_word' id='word_1_170' title='bbox 192 3537 324 3592; x_wconf 89' lang='lat' dir='ltr'>hendunt.</span> <span class='ocrx_word' id='word_1_171' title='bbox 414 3543 430 3593; x_wconf 84' lang='lat'>9</span> <span class='ocrx_word' id='word_1_172' title='bbox 453 3541 593 3607; x_wconf 78' lang='lat' dir='ltr'>Hilarius,</span> <span class='ocrx_word' id='word_1_173' title='bbox 617 3541 649 3594; x_wconf 85' lang='lat' dir='ltr'>de</span> <span class='ocrx_word' id='word_1_174' title='bbox 672 3541 735 3595; x_wconf 82' lang='lat' dir='ltr'>trio.</span> <span class='ocrx_word' id='word_1_175' title='bbox 760 3541 806 3595; x_wconf 80' lang='lat' dir='ltr'>lib.</span> <span class='ocrx_word' id='word_1_176' title='bbox 829 3541 893 3607; x_wconf 73' lang='lat' dir='ltr'>Lo.</span> <span class='ocrx_word' id='word_1_177' title='bbox 911 3544 960 3593; x_wconf 82' lang='lat'><em>19.-</em></span> <span class='ocrx_word' id='word_1_178' title='bbox 982 3539 1144 3608; x_wconf 87' lang='lat' dir='ltr'>comparatlo</span> <span class='ocrx_word' id='word_1_179' title='bbox 1167 3538 1239 3591; x_wconf 89' lang='lat' dir='ltr'>enirn</span> <span class='ocrx_word' id='word_1_180' title='bbox 1263 3541 1345 3591; x_wconf 90' lang='lat' dir='ltr'>terre-</span> 
     </span>
     <span class='ocr_line' id='line_1_24' title="bbox 193 3625 1346 3695; baseline 0.003 -18"><span class='ocrx_word' id='word_1_181' title='bbox 193 3641 292 3678; x_wconf 89' lang='lat' dir='ltr'>norum</span> <span class='ocrx_word' id='word_1_182' title='bbox 317 3625 350 3678; x_wconf 88' lang='lat' dir='ltr'>ad</span> <span class='ocrx_word' id='word_1_183' title='bbox 374 3625 453 3679; x_wconf 89' lang='lat' dir='ltr'>deum</span> <span class='ocrx_word' id='word_1_184' title='bbox 475 3625 550 3679; x_wconf 88' lang='lat' dir='ltr'>nulla</span> <span class='ocrx_word' id='word_1_185' title='bbox 568 3630 620 3690; x_wconf 85' lang='lat' dir='ltr'>ost;</span> <span class='ocrx_word' id='word_1_186' title='bbox 643 3626 677 3680; x_wconf 83' lang='lat' dir='ltr'>cl.</span> <span class='ocrx_word' id='word_1_187' title='bbox 694 3628 809 3695; x_wconf 62' lang='lat' dir='ltr'>Vlaaa</span> <span class='ocrx_word' id='word_1_188' title='bbox 885 3629 915 3681; x_wconf 92' lang='lat' dir='ltr'>ll</span> <span class='ocrx_word' id='word_1_189' title='bbox 941 3627 1080 3695; x_wconf 76' lang='lat' dir='ltr'>Hilarius,</span> <span class='ocrx_word' id='word_1_190' title='bbox 1099 3627 1180 3680; x_wconf 70' lang='lat' dir='ltr'>oia:</span> <span class='ocrx_word' id='word_1_191' title='bbox 1202 3625 1346 3680; x_wconf 88' lang='lat' dir='ltr'>infirmitas</span> 
     </span>
     <span class='ocr_line' id='line_1_25' title="bbox 194 3711 1345 3783; baseline 0.002 -19"><span class='ocrx_word' id='word_1_192' title='bbox 194 3715 302 3765; x_wconf 80' lang='lat' dir='ltr'>nostrae</span> <span class='ocrx_word' id='word_1_193' title='bbox 320 3711 519 3782; x_wconf 82' lang='lat' dir='ltr'>intellegentiae</span> <span class='ocrx_word' id='word_1_194' title='bbox 537 3713 610 3782; x_wconf 84' lang='lat' dir='ltr'>cogit</span> <span class='ocrx_word' id='word_1_195' title='bbox 628 3713 727 3782; x_wconf 85' lang='lat' dir='ltr'>species</span> <span class='ocrx_word' id='word_1_196' title='bbox 746 3714 875 3781; x_wconf 85' lang='lat' dir='ltr'>quasdam</span> <span class='ocrx_word' id='word_1_197' title='bbox 889 3729 920 3765; x_wconf 86' lang='lat' dir='ltr'>ex</span> <span class='ocrx_word' id='word_1_198' title='bbox 932 3711 1103 3766; x_wconf 88' lang='lat' dir='ltr'>inferioribus</span> <span class='ocrx_word' id='word_1_199' title='bbox 1115 3716 1254 3781; x_wconf 88' lang='lat' dir='ltr'>tamquam</span> <span class='ocrx_word' id='word_1_200' title='bbox 1268 3730 1345 3783; x_wconf 91' lang='lat' dir='ltr'>supe-</span> 
     </span>
     <span class='ocr_line' id='line_1_26' title="bbox 194 3798 1345 3868; baseline 0.002 -17"><span class='ocrx_word' id='word_1_201' title='bbox 194 3800 297 3852; x_wconf 92' lang='lat' dir='ltr'>riorum</span> <span class='ocrx_word' id='word_1_202' title='bbox 310 3798 411 3852; x_wconf 91' lang='lat' dir='ltr'>indices</span> <span class='ocrx_word' id='word_1_203' title='bbox 429 3816 562 3868; x_wconf 85' lang='lat' dir='ltr'>quaerere,</span> <span class='ocrx_word' id='word_1_204' title='bbox 581 3803 612 3853; x_wconf 92' lang='lat' dir='ltr'>ut</span> <span class='ocrx_word' id='word_1_205' title='bbox 630 3816 719 3853; x_wconf 89' lang='lat' dir='ltr'>rerum</span> <span class='ocrx_word' id='word_1_206' title='bbox 737 3800 913 3854; x_wconf 79' lang='lat' dir='ltr'>familiarium</span> <span class='ocrx_word' id='word_1_207' title='bbox 932 3799 1123 3853; x_wconf 89' lang='lat' dir='ltr'>consuetudine</span> <span class='ocrx_word' id='word_1_208' title='bbox 1136 3799 1296 3854; x_wconf 89' lang='lat' dir='ltr'>admonente</span> <span class='ocrx_word' id='word_1_209' title='bbox 1315 3817 1345 3853; x_wconf 81' lang='lat' dir='ltr'>ex</span> 
     </span>
     <span class='ocr_line' id='line_1_27' title="bbox 194 3885 1235 3956; baseline 0.003 -18"><span class='ocrx_word' id='word_1_210' title='bbox 194 3901 289 3938; x_wconf 88' lang='lat' dir='ltr'>sensus</span> <span class='ocrx_word' id='word_1_211' title='bbox 312 3885 397 3939; x_wconf 85' lang='lat' dir='ltr'>nostri</span> <span class='ocrx_word' id='word_1_212' title='bbox 417 3887 579 3940; x_wconf 89' lang='lat' dir='ltr'>conscientia</span> <span class='ocrx_word' id='word_1_213' title='bbox 597 3887 631 3941; x_wconf 94' lang='lat' dir='ltr'>ad</span> <span class='ocrx_word' id='word_1_214' title='bbox 650 3887 752 3942; x_wconf 91' lang='lat' dir='ltr'>insoliti</span> <span class='ocrx_word' id='word_1_215' title='bbox 771 3904 864 3941; x_wconf 91' lang='lat' dir='ltr'>sensus</span> <span class='ocrx_word' id='word_1_216' title='bbox 883 3887 1035 3956; x_wconf 91' lang='lat' dir='ltr'>opinionem</span> <span class='ocrx_word' id='word_1_217' title='bbox 1054 3887 1235 3942; x_wconf 88' lang='lat' dir='ltr'>educeremur.</span> 
     </span>
    </p>
   </div>
   <div class='ocr_carea' id='block_1_5' title="bbox 194 4014 1419 4402">
    <p class='ocr_par' dir='ltr' id='par_1_7' title="bbox 194 4014 1419 4402">
     <span class='ocr_line' id='line_1_28' title="bbox 239 4014 1344 4102; baseline 0.006 -32"><span class='ocrx_word' id='word_1_218' title='bbox 239 4017 255 4070; x_wconf 81' lang='lat'><strong>2</strong></span> <span class='ocrx_word' id='word_1_219' title='bbox 278 4015 341 4069; x_wconf 92' lang='lat' dir='ltr'>Uid.</span> <span class='ocrx_word' id='word_1_220' title='bbox 366 4014 587 4086; x_wconf 83' lang='lat' dir='ltr'>subscriptionem</span> <span class='ocrx_word' id='word_1_221' title='bbox 611 4021 741 4072; x_wconf 87' lang='lat' dir='ltr'>tractatus</span> <span class='ocrx_word' id='word_1_222' title='bbox 765 4018 851 4086; x_wconf 86' lang='lat' dir='ltr'>quint&#39;</span> <span class='ocrx_word' id='word_1_223' title='bbox 941 4021 958 4073; x_wconf 85' lang='lat'><strong>3</strong></span> <span class='ocrx_word' id='word_1_224' title='bbox 980 4018 1063 4072; x_wconf 90' lang='lat' dir='ltr'>uerba</span> <span class='ocrx_word' id='word_1_225' title='bbox 1086 4027 1344 4102; x_wconf 61' lang='lat' dir='ltr'>Sufflctebltt-</span> 
     </span>
     <span class='ocr_line' id='line_1_29' title="bbox 194 4101 1345 4190; baseline 0.006 -19"><span class='ocrx_word' id='word_1_226' title='bbox 194 4101 350 4180; x_wconf 69' lang='grc' dir='ltr'>τεετιωοῙ</span> <span class='ocrx_word' id='word_1_227' title='bbox 369 4125 422 4173; x_wconf 89' lang='lat' dir='ltr'>tres</span> <span class='ocrx_word' id='word_1_228' title='bbox 441 4137 533 4174; x_wconf 88' lang='lat' dir='ltr'>uersus</span> <span class='ocrx_word' id='word_1_229' title='bbox 552 4121 713 4190; x_wconf 90' lang='lat' dir='ltr'>complentia</span> <span class='ocrx_word' id='word_1_230' title='bbox 731 4120 812 4175; x_wconf 88' lang='lat' dir='ltr'>rubro</span> <span class='ocrx_word' id='word_1_231' title='bbox 831 4122 917 4176; x_wconf 86' lang='lat' dir='ltr'>colore</span> <span class='ocrx_word' id='word_1_232' title='bbox 937 4126 1043 4177; x_wconf 84' lang='lat' dir='ltr'>exarata</span> <span class='ocrx_word' id='word_1_233' title='bbox 1059 4127 1123 4178; x_wconf 89' lang='lat' dir='ltr'>sunt</span> <span class='ocrx_word' id='word_1_234' title='bbox 1192 4127 1210 4180; x_wconf 88' lang='lat'><em>8</em></span> <span class='ocrx_word' id='word_1_235' title='bbox 1228 4129 1285 4178; x_wconf 91' lang='lat' dir='ltr'>erat</span> <span class='ocrx_word' id='word_1_236' title='bbox 1303 4115 1345 4185; x_wconf 83' lang='grc' dir='ltr'>δε</span> 
     </span>
     <span class='ocr_line' id='line_1_30' title="bbox 197 4206 1419 4313; baseline 0.007 -30"><span class='ocrx_word' id='word_1_237' title='bbox 197 4206 552 4303; x_wconf 66' lang='lat' dir='ltr'>morolsruaooroern,</span> <span class='ocrx_word' id='word_1_238' title='bbox 582 4227 788 4280; x_wconf 79' lang='lat' dir='ltr'>eorr.man.1</span> <span class='ocrx_word' id='word_1_239' title='bbox 923 4218 1135 4313; x_wconf 65' lang='lat' dir='ltr'>capcanus,</span> <span class='ocrx_word' id='word_1_240' title='bbox 1163 4229 1217 4284; x_wconf 80' lang='lat' dir='ltr'>litt.</span> <span class='ocrx_word' id='word_1_241' title='bbox 1246 4239 1266 4290; x_wconf 84' lang='grc' dir='ltr'>ε</span> <span class='ocrx_word' id='word_1_242' title='bbox 1293 4247 1343 4284; x_wconf 82' lang='lat' dir='ltr'>ras.</span> <span class='ocrx_word' id='word_1_243' title='bbox 1415 4290 1419 4298; x_wconf 80' lang='grc'><strong>,</strong></span> 
     </span>
     <span class='ocr_line' id='line_1_31' title="bbox 196 4321 1345 4402; baseline 0.009 -22"><span class='ocrx_word' id='word_1_244' title='bbox 196 4328 320 4381; x_wconf 81' lang='lat' dir='ltr'>corrasa?</span> <span class='ocrx_word' id='word_1_245' title='bbox 393 4331 425 4384; x_wconf 85' lang='lat'>13</span> <span class='ocrx_word' id='word_1_246' title='bbox 445 4321 778 4399; x_wconf 73' lang='lat' dir='ltr'>corosuewtrroeor]</span> <span class='ocrx_word' id='word_1_247' title='bbox 795 4331 850 4385; x_wconf 83' lang='lat' dir='ltr'>uid.</span> <span class='ocrx_word' id='word_1_248' title='bbox 864 4349 944 4402; x_wconf 89' lang='lat' dir='ltr'>supra</span> <span class='ocrx_word' id='word_1_249' title='bbox 957 4336 980 4398; x_wconf 89' lang='lat'>5,</span> <span class='ocrx_word' id='word_1_250' title='bbox 993 4336 1023 4396; x_wconf 81' lang='lat'>4;</span> <span class='ocrx_word' id='word_1_251' title='bbox 1035 4337 1077 4398; x_wconf 78' lang='lat'>25,</span> <span class='ocrx_word' id='word_1_252' title='bbox 1092 4336 1137 4397; x_wconf 81' lang='lat'>123</span> <span class='ocrx_word' id='word_1_253' title='bbox 1150 4337 1191 4399; x_wconf 86' lang='lat'>30,</span> <span class='ocrx_word' id='word_1_254' title='bbox 1205 4338 1233 4398; x_wconf 78' lang='lat'>33</span> <span class='ocrx_word' id='word_1_255' title='bbox 1246 4337 1288 4398; x_wconf 80' lang='lat'>39,</span> <span class='ocrx_word' id='word_1_256' title='bbox 1299 4337 1345 4398; x_wconf 87' lang='lat'>13;</span> 
     </span>
    </p>
   </div>
   <div class='ocr_carea' id='block_1_6' title="bbox 199 4427 1208 4528">
    <p class='ocr_par' dir='ltr' id='par_1_8' title="bbox 199 4427 1208 4528">
     <span class='ocr_line' id='line_1_32' title="bbox 199 4427 1208 4528; baseline 0.004 -38"><span class='ocrx_word' id='word_1_257' title='bbox 199 4435 238 4497; x_wconf 80' lang='lat' dir='ltr'>oc,</span> <span class='ocrx_word' id='word_1_258' title='bbox 254 4435 285 4490; x_wconf 84' lang='lat'>15</span> <span class='ocrx_word' id='word_1_259' title='bbox 305 4437 332 4490; x_wconf 76' lang='lat' dir='ltr'>et</span> <span class='ocrx_word' id='word_1_260' title='bbox 352 4436 384 4492; x_wconf 78' lang='lat'>16</span> <span class='ocrx_word' id='word_1_261' title='bbox 475 4427 680 4528; x_wconf 49' lang='lat' dir='ltr'>resolues„</span> <span class='ocrx_word' id='word_1_262' title='bbox 702 4435 754 4490; x_wconf 82' lang='lat' dir='ltr'>sun</span> <span class='ocrx_word' id='word_1_263' title='bbox 774 4429 943 4503; x_wconf 62' lang='lat' dir='ltr'>casotae</span> <span class='ocrx_word' id='word_1_264' title='bbox 962 4437 995 4494; x_wconf 76' lang='lat' dir='ltr'>ef.</span> <span class='ocrx_word' id='word_1_265' title='bbox 1010 4440 1051 4506; x_wconf 83' lang='lat' dir='ltr'>cr,</span> <span class='ocrx_word' id='word_1_266' title='bbox 1066 4441 1093 4504; x_wconf 88' lang='lat'>1;</span> <span class='ocrx_word' id='word_1_267' title='bbox 1112 4440 1155 4506; x_wconf 81' lang='lat'>94,</span> <span class='ocrx_word' id='word_1_268' title='bbox 1168 4441 1208 4498; x_wconf 81' lang='lat' dir='ltr'>aa</span> 
     </span>
    </p>
   </div>
   <div class='ocr_carea' id='block_1_7' title="bbox 0 0 1592 5075">
    <p class='ocr_par' dir='ltr' id='par_1_9' title="bbox 0 0 1592 5075">
     <span class='ocr_line' id='line_1_33' title="bbox 0 0 1592 5075; baseline 0 0"><span class='ocrx_word' id='word_1_269' title='bbox 0 0 1592 5075; x_wconf 95' lang='lat' dir='ltr'> </span> 
     </span>
    </p>
   </div>
  </div>
 </body>
</html>
