3175 5075
599 541 764 593 tractatus
785 539 837 593 111
1250 523 1294 586 49

150 701 218 761 tura
247 698 293 760 rei
322 715 416 760 uerae
447 700 495 761 est
527 700 559 761 et
589 697 753 781 designare
784 696 965 780 symbolum
995 701 1044 759 661
1073 697 1232 779 disputare
1255 698 1293 760 de

150 800 289 883 symbolo
321 802 415 865 malle
443 819 538 883 quarn
562 802 701 875 credere:
735 802 914 885 symbolum
938 820 1016 883 opus
1047 801 1166 865 domini
1188 804 1238 865 est
1260 802 1293 865 in

149 906 273 969 nomine
296 906 394 987 patris
418 909 451 968 et
473 904 518 968 fili
542 908 573 969 et
596 906 725 988 spiritns
750 905 861 985 sancti,
885 904 962 968 fides
986 905 1079 969 unius
1097 906 1155 984 dei,
1180 924 1216 969 ex
1232 924 1292 987 quo

149 1010 290 1074 Christus
314 1010 390 1073 deus
414 1010 463 1073 dei
486 1009 570 1073 filius
595 1010 733 1073 saluator
756 1014 851 1074 natus
881 1010 914 1073 in
938 1026 1031 1073 carne
1053 1027 1166 1092 passus
1189 1028 1293 1073 resur-

123 1114 224 1179 srexit
254 1117 380 1197 propter
410 1114 547 1177 hominis
579 1131 731 1188 amorem3
763 1114 817 1195 qui
847 1114 998 1196 apostolis
1026 1114 1091 1177 suis
1114 1114 1292 1197 symbolum

146 1218 284 1298 tradens
315 1219 398 1299 quod
427 1218 489 1281 fuit
512 1222 561 1282 cst
584 1222 616 1283 61
638 1218 782 1282 futurum
805 1222 882 1298 erat,
914 1218 947 1281 in
975 1237 1008 1282 se
1032 1221 1064 1282 61
1094 1219 1127 1281 in
1150 1217 1292 1300 symbolo

147 1340 200 1385 suo
223 1319 232 1407 11
256 1326 435 1386 monstrans
459 1340 574 1386 nomen
602 1323 700 1405 patris
731 1322 833 1385 lilium
855 1323 995 1403 itemque
1021 1322 1066 1386 fili
1095 1324 1228 1405 patrem,
1252 1341 1292 1386 ne
1315 1333 1354 1387 63

145 1426 377 1491 Binionitarum
408 1445 492 1490 error
525 1427 655 1506 ualeret,
690 1427 829 1500 edocuit;
863 1445 939 1491 narn
972 1427 1027 1509 qui
1059 1425 1292 1507 requirentibus

146 1532 294 1612 apostolis
322 1549 428 1595 omne
458 1532 489 1595 id
520 1531 617 1612 quod
646 1530 913 1595 nominabatur
943 1549 976 1594 se
1000 1548 1068 1594 esse
1091 1531 1291 1611 monstrauit,

110 1654 132 1692 10
145 1654 243 1699 unurn
269 1654 301 1698 se
325 1636 408 1699 credi
431 1635 532 1699 uoluit
562 1653 625 1699 non
648 1635 794 1715 diuisum,
823 1635 946 1699 dicente
976 1635 1111 1717 profeta:
1144 1635 1204 1698 hic
1235 1639 1293 1699 est

145 1740 232 1802 deus
269 1743 397 1803 noster
432 1758 499 1803 nec
528 1738 770 1823 reputabitur
800 1738 899 1803 alius
931 1738 1073 1820 absque
1109 1758 1192 1803 eurn
1228 1739 1291 1819 qui

144 1844 316 1907 ostendit
346 1844 445 1908 uiam
476 1844 701 1926 disciplinae
732 1847 768 1907 et
799 1843 902 1908 dedit
932 1861 1012 1907 earn
1035 1843 1146 1907 Iacob
1177 1861 1289 1926 puero

145 1966 207 2011 suo
238 1952 276 2011 et
298 1948 466 2011 Istrahel
489 1948 630 2011 dilecto
654 1966 736 2023 suo;
767 1948 950 2030 posthaec
980 1948 1017 2011 in
1048 1947 1161 2011 terris
1185 1948 1290 2011 uisus

145 2055 200 2115 661
223 2056 261 2115 61
284 2070 366 2115 curn
389 2052 608 2116 hominibus
632 2055 881 2116 conuersatus
906 2055 977 2131 est,
1001 2052 1173 2115 dominus
1199 2052 1290 2115 deus

109 2174 277 2219 unomen
294 2156 382 2220 eius.
423 2154 482 2220 Sed
498 2175 536 2220 ne
553 2174 658 2220 amore
675 2155 747 2220 fidei
764 2156 850 2220 ducti
874 2157 913 2219 ad
936 2156 999 2220 alia
1021 2173 1077 2219 nos
1101 2173 1197 2237 quarn
1219 2174 1290 2238 pro-

143 2278 348 2342 posueramus
380 2261 572 2324 conuertisse
603 2261 753 2339 dicamur,
788 2261 863 2323 licet
897 2279 933 2323 ex
967 2258 1149 2345 abunldanti
1181 2263 1290 2323 contra

143 2364 284 2429 diuersas
307 2365 434 2429 hereses
457 2365 606 2429 uincendi
627 2366 715 2429 locus
738 2369 856 2448 pateat,
888 2368 996 2429 tamen
1019 2365 1057 2428 de
1087 2366 1146 2429 hoc
1169 2366 1289 2447 specia-

142 2469 212 2533 liter
240 2472 426 2554 susceptum
449 2486 527 2553 opus
551 2470 708 2550 uolumus
739 2472 774 2533 ut
804 2469 928 2533 infidele
952 2470 1152 2534 mendacium
1181 2470 1290 2534 testi-

142 2575 350 2639 moniorum
381 2574 476 2639 nube
507 2575 682 2639 uincamus.
721 2575 814 2639 Nunc
844 2593 918 2639 uero
942 2576 981 2639 ad
1011 2576 1065 2639 illa
1094 2576 1288 2639 redeundum

47 2733 48 2740 ,
109 2698 131 2737 n
144 2683 200 2759 est,
223 2682 272 2758 ut,
298 2679 324 2743 si
347 2676 525 2762 probabiles
541 2679 574 2744 in
598 2698 634 2743 eo
657 2680 690 2743 in
714 2697 774 2761 quo
797 2679 1076 2762 repraehendimur
1099 2680 1288 2759 inuenimur‚

140 2788 223 2848 recto
247 2783 346 2852 etiam
369 2783 406 2846 de
433 2783 562 2865 reliquis
593 2783 771 2866 disputasse
801 2784 974 2848 uideamur.
1013 2783 1063 2848 Sic
1093 2801 1229 2865 namque
1257 2786 1289 2847 61

140 2887 258 2952 Paulus
291 2888 406 2952 dixisse
436 2889 531 2952 deum
555 2889 612 2952 ait:
644 2888 793 2952 beatius
825 2892 883 2952 est
913 2889 999 2952 dare
1029 2888 1148 2972 magis
1179 2906 1288 2970 quarn

142 2993 327 3075 accipere,
359 2996 391 3056 61
413 2992 472 3056 hoc
494 2993 635 3056 locutum
659 2993 753 3057 deum
775 2993 809 3056 in
832 3010 951 3057 canone
974 3010 1037 3057 non
1064 2993 1209 3076 legimus
1247 2992 1288 3056 Et

141 3095 253 3161 Daniel
286 3097 381 3160 deum
402 3097 544 3161 locutum
566 3097 665 3161 fuisse
688 3100 824 3162 testatur
847 3098 968 3161 dicens:
993 3098 1166 3178 quoniam
1189 3097 1288 3160 exiet

106 3200 326 3282 uiniquitas
350 3201 392 3264 de
407 3199 597 3283 Babylone
621 3201 918 3284 expresbyteris
941 3201 1003 3283 qui
1029 3200 1257 3264 uidebantur
1278 3198 1288 3286 ll

141 3323 269 3388 regere
292 3305 448 3388 plebem.
494 3305 535 3370 Et
563 3324 635 3369 curn
664 3306 726 3369 ista
747 3306 831 3370 16616
861 3306 943 3369 dicta
972 3306 1024 3369 uel
1055 3306 1170 3370 scribta
1192 3307 1223 3368 et
1252 3305 1285 3368 in
1309 3315 1348 3368 64

143 3410 353 3493 euangelistae
383 3409 487 3473 uerbis
519 3413 550 3473 61
580 3410 711 3492 apostoli
734 3411 855 3491 eloquio
885 3414 917 3473 et
946 3410 1059 3473 diuinis
1090 3409 1286 3473 sermonibus

142 3514 348 3594 crederemus
370 3531 439 3576 cccc
456 3532 539 3577 nunc
555 3517 679 3597 tempus
697 3514 837 3578 adlatum
854 3517 911 3593 est,
935 3514 998 3593 ubi,
1015 3514 1090 3577 dum
1106 3513 1286 3595 disceptatio

142 3617 372 3700 superfluarum
394 3637 500 3681 rerum
523 3620 691 3700 quaeritur,
715 3621 822 3700 stupor
844 3618 987 3681 fidelibus
1010 3617 1175 3682 inseratur.
1215 3617 1287 3682 Non

106 3724 226 3786 eoenim
256 3741 426 3804 possumus
457 3723 557 3786 dicere
591 3723 685 3786 deum
717 3741 778 3786 non
810 3723 921 3786 dixisse
952 3722 1034 3803 quod
1069 3741 1141 3785 euru
1175 3723 1286 3785 dixisse

144 3827 301 3910 apostolus
326 3826 401 3890 dixit
417 3829 472 3891 aut
494 3845 557 3891 non
579 3827 802 3910 prophetatum
823 3828 921 3891 fuisse
937 3827 1018 3909 quod
1041 3827 1194 3891 scribtura
1215 3845 1286 3909 pro-

245 4001 262 4053 9
282 3997 315 4052 61.
329 3997 396 4067 xpn.
411 4000 434 4062 1,
447 3999 489 4054 21.
573 4001 606 4055 lo
618 3998 679 4052 Bar.
692 4001 717 4063 3,
730 4001 842 4055 36-38.
923 4001 956 4055 14
975 3996 1111 4068 dominus]
1129 3997 1211 4052 Annos
1224 4001 1248 4063 5,
1261 4001 1285 4054 8.

144 4083 375 4149 18Hebr.1a,1.
464 4087 498 4140 22
516 4084 576 4140 net.
594 4088 635 4150 20,
649 4087 690 4141 35.
779 4088 814 4140 24
832 4086 900 4139 Dan.
918 4087 987 4150 13,5
1007 4086 1049 4154 (=
1070 4085 1206 4139 Susannae
1222 4085 1285 4138 hist.

143 4173 320 4242 apocrypho).

186 4348 323 4406 mm
416 4334 546 4428 mm
634 4344 1285 4414 Mmufflmmrrm

145 4450 443 4518 oltolorortaaum]
465 4450 498 4504 61.
518 4467 599 4520 supra
616 4468 641 4520 p.
656 4454 679 4516 5,
695 4454 727 4507 lo
799 4454 833 4508 24
851 4450 956 4518 ΕΧΙετ]
973 4449 1046 4503 nolui
1065 4453 1132 4503 mut.
1151 4450 1180 4502 in
1198 4458 1286 4510 εχιιῖ

194 4573 270 4614 xvru.
286 4572 379 4616 enscrn.
1113 4559 1130 4607 4
