3175 5075
286 1178 309 1233 0
336 1202 365 1222 =
387 1178 442 1231 cod.
461 1182 575 1230 monast.
593 1177 720 1232 Caucasis
741 1181 780 1241 14,
799 1194 864 1231 saec.
883 1178 922 1231 IX
940 1178 986 1247 (ad
1004 1195 1129 1232 numeros
1148 1179 1293 1233 canonibus
1313 1179 1426 1232 adiectos

387 1264 496 1318 anobis
515 1264 649 1318 rarissima
668 1264 823 1333 adhibitus).

285 1375 307 1421 Γ
338 1394 367 1413 =
388 1369 485 1422 codicis
499 1368 625 1424 Caucnsis
644 1370 828 1438 apographum
841 1369 1002 1424 Uaticanum
1021 1371 1111 1438 (8484)
1128 1370 1161 1424 ab
1179 1370 1239 1438 lgn.
1252 1370 1347 1423 Rossio
1366 1388 1426 1423 con-

387 1456 496 1521 fectum,
515 1474 581 1510 saec.
595 1456 658 1509 XIX
677 1458 722 1525 (ad
740 1473 866 1511 numeros
884 1456 1030 1511 canonibus
1050 1457 1167 1510 adiectos
1185 1456 1294 1526 adhib).

284 1582 302 1630 y
339 1586 368 1607 =
389 1562 536 1615 sectionum
556 1562 659 1615 numeri
678 1562 707 1615 in
722 1568 744 1615 Γ
758 1562 793 1615 ad
811 1564 937 1616 tcxtum
956 1562 1078 1616 omnium
1089 1561 1167 1615 Pauli
1186 1562 1364 1631 epistularum
1383 1564 1426 1616 ad-

388 1648 488 1717 scripti.

284 1772 297 1807 c
340 1778 368 1797 =
390 1751 471 1807 editio
485 1769 617 1807 canonum
630 1752 664 1807 ad
679 1753 783 1806 stacta
796 1752 829 1806 ab
842 1752 911 1821 Aug.
925 1753 996 1806 Maio
1009 1754 1262 1821 quiomisitomnes
1281 1755 1426 1809 sectionum
1456 1758 1459 1765 '

386 1856 510 1893 numeros
529 1839 571 1907 (=
592 1838 664 1909 ‘spic
677 1839 773 1904 Itom',
793 1842 857 1893 tom.
872 1840 919 1905 lx,
933 1843 994 1908 post
1011 1858 1036 1909 p.
1051 1841 1120 1909 744).

1567 1815 1568 1848 1

1567 1859 1568 1892 1

282 1945 299 1998 t
338 1967 368 1988 =
389 1944 471 1997 editio
489 1942 592 2013 prologi
611 1944 645 1996 ad
666 1943 777 1999 014414
796 1962 811 1997 a
829 1944 908 1998 Bern.
922 1944 1032 1999 Caetani
1052 1944 1202 2015 d'Aragono
1221 1945 1264 2012 (=
1285 1945 1351 1999 ‘cod
1366 1946 1424 2015 dipl.

388 2030 531 2095 Cauensis',
551 2034 615 2085 tom.
628 2031 650 2095 1,
664 2029 776 2100 append.
792 2048 816 2100 p.
833 2036 865 2087 19
884 2031 960 2100 squ).

283 2136 310 2190 L
339 2160 369 2180 =
389 2134 446 2189 cod.
466 2136 556 2191 eccles
577 2135 693 2188 cathedr.
713 2135 888 2203 Legioncnsis
907 2140 931 2201 6,
951 2152 1016 2190 saec.
1036 2136 1067 2189 X.

283 2245 314 2292 A
338 2265 368 2285 =
388 2240 445 2294 cod.
466 2240 570 2311 collegii
590 2240 615 2295 S.
628 2240 726 2295 Isidori
744 2240 926 2309 legionensis,
945 2258 1012 2295 4444,
1031 2240 1063 2293 X.
1273 2300 1277 2305 ,

286 2346 310 2400 Τ
338 2369 368 2390 =
389 2345 453 2399 coda
465 2346 617 2410 Toletanus‚
637 2362 708 2399 nunc
726 2346 892 2399 Matritensis
910 2345 975 2400 bibl.
995 2349 1048 2399 nat.
1068 2349 1092 2410 2,
1114 2349 1136 2410 1,
1156 2362 1222 2400 saec.
1242 2335 1275 2399 Xss

283 2452 321 2505 M
339 2474 369 2495 =
390 2450 446 2504 cod.
460 2450 601 2504 Theodulfi
613 2450 785 2516 hlesmianus,
805 2467 876 2504 nunc
888 2450 1026 2504 Parisinus
1043 2450 1117 2519 (bibl.
1132 2452 1197 2519 nat.)
1210 2453 1287 2515 9380,
1302 2468 1368 2505 saec.
1382 2452 1417 2504 lX
1568 2435 1569 2478 i

288 2558 314 2611 V
339 2581 369 2601 =
389 2557 445 2610 cod.
466 2557 611 2611 Uaticanus
631 2559 707 2621 5729,
726 2556 791 2611 olim
810 2556 953 2621 Farfensis,
973 2557 1090 2610 444411.

284 2679 307 2730 φ
340 2685 369 2704 =
389 2661 537 2716 sectionum
550 2662 654 2716 numeri
665 2661 693 2714 in
706 2660 776 2716 Vad
788 2663 912 2724 textum
926 2660 1105 2730 complurium
1114 2661 1193 2714 Pauli
1206 2661 1283 2729 epist.
1294 2660 1416 2730 adscripti

279 2889 301 2939 p
339 2895 369 2914 =
390 2870 471 2924 editio
487 2871 559 2925 aFr.
572 2870 603 2925 Α.
619 2871 747 2924 Zacharia
760 2869 793 2924 ad
807 2870 917 2924 Placia
929 2869 972 2938 (=
987 2869 1059 2924 ‘bibl
1072 2868 1255 2924 Pistoriensis’
1268 2886 1294 2938 p.
1308 2873 1341 2925 67
1355 2869 1416 2938 sqq.)

284 2981 316 3027 Π
339 2999 369 3019 =
390 2976 447 3029 cod.
466 2977 539 3029 uniu.
558 2975 703 3045 Lipsiensis
722 2974 798 3042 (bibl.
817 2975 957 3042 Paulinae)
980 2977 1013 3030 13
1031 2974 1076 3029 iol.
1095 2992 1172 3040 man,
1192 2992 1258 3030 saec.
1276 2973 1415 3043 xlflpxlv

285 3183 506 3239 crassioribus
525 3183 596 3252 typis
616 3200 659 3236 cos
678 3184 768 3237 aflinni
786 3200 912 3237 numeros
929 3184 974 3252 qui
995 3201 1056 3237 cum
1074 3203 1093 3252 y
1110 3184 1262 3237 concinunt.

283 2767 311 2820 P
337 2790 367 2810 =
388 2765 444 2820 cod.
464 2766 575 2836 capituli
594 2765 767 2821 Pistoriensis
788 2769 835 2821 151
857 2765 899 2832 (G.
913 2765 957 2834 82)
978 2783 1044 2820 saec.
1063 2765 1096 2819 X.

285 3290 294 3357 (
324 3291 334 3359 )
391 3289 488 3343 inclusi
507 3303 550 3342 eos
570 3304 701 3352 numeros,
720 3289 766 3356 qui
785 3304 839 3342 non
857 3288 985 3356 leguntur
1004 3289 1032 3341 in
1053 3289 1281 3357 PLAYMVPII,
1300 3288 1345 3341 sed
1363 3288 1422 3354 iny

389 3376 442 3445 (uel
462 3376 513 3445 γφ)
532 3378 682 3429 occurrunt.

285 3487 294 3542 <
323 3487 332 3546 >
389 3479 485 3534 inclusi
495 3497 538 3534 cos
548 3498 681 3546 numeros
691 3497 757 3550 quos
767 3498 816 3550 ego
826 3479 926 3544 addidi,
940 3481 1063 3550 quamuis
1073 3497 1157 3549 neque
1167 3481 1195 3534 in
1208 3481 1348 3536 FLATM
1351 3481 1423 3536 VPn

390 3583 474 3635 neque
492 3568 521 3621 in
540 3588 581 3638 γφ
599 3567 731 3637 legantur.

285 3673 432 3727 sectionum
450 3674 554 3727 numeri
573 3673 606 3726 ad
626 3673 757 3742 Uulgatae
776 3674 893 3743 capitula
911 3677 937 3728 et
956 3691 1048 3727 uersus
1067 3672 1265 3726 rcuccabuntur
1287 3673 1315 3726 in
1333 3671 1419 3725 indici-

389 3759 438 3813 bus
457 3761 562 3814 nostris.
