3175 5075
286 490 328 555 30
752 507 963 561 Priscilliani

286 666 520 740 mediatoris;
548 666 616 749 ipse
645 669 694 730 θεῖ
721 666 775 747 qui
803 669 852 730 est
878 684 988 749 super
1014 684 1159 731 omnem
1180 665 1436 748 principatum

286 771 321 833 et
343 772 572 853 potestatem
602 773 638 834 et
660 770 843 835 uirtutem
871 772 907 833 et
933 769 1228 834 dominationem
1257 771 1296 832 et
1324 786 1436 851 supra

285 892 429 938 omnem
452 893 584 939 nomen
607 875 703 957 quod
726 875 942 940 nominatur
964 892 1036 939 non
1060 876 1179 939 solum
1206 874 1243 938 in
1266 874 1335 937 hoo
1359 891 1435 936 sae-

285 978 379 1058 culo,
404 979 467 1042 sed
490 979 603 1043 etiam
625 980 663 1043 in
678 979 821 1054 futuro;
844 979 912 1062 ipse
928 982 977 1043 est
992 979 1081 1043 deus
1104 982 1233 1044 noster
1256 997 1323 1043 neo
1339 978 1435 1041 alius

284 1082 525 1166 reputabitur
557 1082 696 1166 absque
727 1102 823 1164 eum,
854 1085 924 1166 quis
952 1088 1002 1148 est
1023 1086 1136 1167 caput
1158 1102 1270 1166 super
1292 1098 1462 1147 omnems

286 1188 472 1268 eclesiam,
496 1206 588 1269 quae
609 1191 666 1252 est
681 1206 815 1271 eorpus
839 1188 960 1271 ipsius
981 1191 1017 1252 et
1036 1188 1236 1271 plenitudo
1260 1187 1351 1266 eius,
1373 1186 1436 1267 qui

286 1292 408 1356 omnia
424 1294 459 1355 θῖ
474 1292 512 1355 in
524 1291 696 1357 omnibus
710 1293 936 1375 adimpletur.
961 1291 1047 1357 Siue
1063 1292 1340 1356 autemPaulus
1356 1290 1436 1353 siue
1554 1281 1555 1294 ¹

178 1413 184 1423 ·
285 1394 421 1479 Apollo
453 1396 532 1460 siue
564 1396 672 1462 Oefas
704 1397 785 1461 siue
816 1397 975 1461 mundus
1006 1398 1086 1461 siue
1117 1396 1199 1461 uita
1228 1396 1310 1460 siue
1340 1413 1436 1459 mors

287 1500 366 1565 siue
388 1502 605 1584 praesentia
629 1502 708 1565 siue
731 1502 876 1566 futura:
907 1502 1031 1565 omnia
1053 1505 1199 1581 nostra,
1222 1519 1289 1565 nos
1313 1503 1436 1565 autem

287 1604 443 1685 Christi,
468 1605 643 1671 Christus
667 1610 791 1670 autem
815 1606 880 1670 dei.
1450 1622 1474 1659 10
1555 1643 1557 1676 2

329 1709 370 1774 lot
392 1709 470 1773 hoec
494 1714 542 1774 est
565 1711 707 1775 omnium
731 1714 876 1775 nostrum
898 1728 962 1776 una
981 1708 986 1795 Ι
1006 1710 1173 1790 sententia,
1204 1712 1251 1790 ut,
1275 1708 1343 1773 siue
1365 1725 1436 1791 pro·

285 1814 368 1878 fetae
392 1833 448 1878 seu
471 1815 603 1898 apostoli
634 1834 689 1879 seu
713 1814 819 1898 angeli
841 1815 915 1897 quid
943 1815 1062 1879 dictum
1086 1832 1105 1879 a
1126 1832 1286 1897 quicquam
1309 1812 1436 1877 nomine

285 1919 474 2002 proferatur,
499 1919 525 1983 si
549 1918 711 1984 Christum
734 1920 828 1983 deum
850 1919 988 2002 profetat
1009 1922 1065 1983 aut
1086 1919 1248 2002 praedicat
1271 1921 1303 1981 et
1326 1935 1436 1981 seeun-

287 2023 362 2086 dum
377 2023 510 2106 Moysen
534 2026 565 2086 et
580 2024 717 2107 profetas
742 2027 773 2087 et
789 2024 977 2106 euuangelia
999 2023 1174 2088 mundialia
1187 2024 1267 2087 uitia
1289 2022 1437 2087 condem·

287 2146 366 2191 nans
389 2128 483 2191 deum
505 2129 654 2211 loquitm‚
678 2129 705 2193 si
721 2128 893 2193 cothohoae
917 2127 989 2191 fidei
1009 2128 1176 2208 consentit,
1200 2128 1473 2211 amplectimur31s

287 2232 314 2296 si
342 2236 462 2312 eutem,
490 2233 573 2314 quod
600 2233 688 2297 nefas
717 2236 779 2313 est,
807 2232 915 2297 Iesum
942 2233 1037 2296 deum
1064 2236 1160 2315 negat
1188 2235 1219 2296 θῖ
1246 2232 1436 2297 dissentiens

286 2336 390 2419 Moysi
406 2337 600 2420 euuangeliis
616 2337 668 2400 uel
683 2338 814 2419 profetis
826 2337 1012 2417 infelicium,
1028 2337 1112 2419 quod
1127 2355 1190 2401 non
1205 2336 1290 2416 licet,
1307 2337 1437 2419 dogma-

287 2445 356 2505 tum
380 2441 544 2524 sacrilegia
566 2442 737 2524 persuadit,
760 2461 862 2523 neque
885 2442 1007 2525 profeta
1029 2460 1130 2524 neque
1151 2441 1312 2524 apostolus
1335 2459 1436 2521 neque

288 2547 429 2630 angelus,
454 2547 577 2610 etiamsi
603 2547 663 2610 sibi
687 2565 802 2612 nomen
825 2547 982 2630 praeferat
1004 2551 1166 2627 sanctum,
1194 2547 1249 2610 sed
1272 2550 1437 2628 tamquam

223 2659 262 2711 37
288 2651 458 2714 anathema
477 2669 496 2714 a
515 2651 605 2715 nobis
629 2650 764 2715 habetur
785 2655 817 2715 et
836 2651 956 2736 refuga,
980 2653 1062 2716 sieut
1076 2650 1085 2737 ll
1100 2650 1254 2716 scribtum
1277 2655 1326 2715 θεῖ
1349 2651 1474 2733 quiaao

288 2772 392 2818 nemo
420 2755 457 2818 in
481 2756 620 2839 spiritu
648 2760 780 2821 sancto
808 2756 902 2821 dicit
929 2757 1130 2820 anathema
1156 2755 1242 2820 Iesu
1270 2759 1306 2819 et
1329 2773 1436 2818 nemo

288 2861 362 2924 nisi
385 2857 446 2945 (in)
469 2861 607 2942 spiritu
631 2865 761 2925 sancto
785 2861 956 2942 loquitur
978 2861 1164 2925 dominum
1186 2861 1326 2934 Iesum3
1355 2860 1437 2924 siout

393 3032 494 3101 lEph.
518 3035 609 3096 1,21;
636 3033 669 3087 cf.
688 3034 771 3087 Prisc.
792 3050 849 3087 can.
868 3033 1017 3086 LXXXIII.
1124 3033 1235 3102 ldeus]
1258 3033 1321 3087 Bar.
1348 3035 1373 3096 3,
1393 3035 1436 3087 36.

288 3119 501 3189 scapuo1nph.
522 3123 546 3184 1,
564 3123 606 3174 23.
678 3124 693 3176 7
713 3121 785 3190 Siue]
805 3120 827 3174 Ι.
847 3119 905 3175 Cor.
925 3123 950 3185 3,
968 3123 1010 3176 22.
1030 3123 1071 3175 23.
1151 3120 1224 3175 201.
1245 3119 1304 3174 Cor.
1325 3122 1366 3184 12,
1385 3123 1408 3174 3.

332 3314 348 3367 3
368 3312 534 3380 omtxlem]
551 3311 606 3366 uid.
626 3329 707 3382 supra
724 3329 749 3381 p.
770 3315 811 3376 25,
832 3315 865 3368 12
884 3315 911 3365 θῖ
929 3327 996 3380 quae
1007 3312 1170 3380 Petschenig
1188 3311 1254 3365 dicit
1266 3311 1295 3364 in
1308 3311 1436 3364 Zeitschr.

288 3469 308 3523 f.
328 3471 377 3522 ost.
392 3469 489 3538 cyma.
505 3473 580 3534 isse,
598 3487 623 3539 p.
638 3472 696 3525 olo.
767 3471 869 3548 lest,
889 3485 961 3522 man.
974 3469 988 3522 1
1001 3469 1030 3522 in
1041 3485 1126 3538 marg.
1193 3426 1436 3552 oncpo¹ta⁵t¹on

290 3581 521 3655 nosqoeeom
826 3643 832 3654 ·

291 3654 435 3729 qotsest
632 3644 725 3727 qvis]
760 3643 834 3698 nolui
860 3646 965 3696 mutare
993 3643 1022 3697 in
1056 3653 1129 3726 qul,
1163 3642 1196 3696 el.
1224 3659 1305 3711 supra
1337 3645 1436 3706 27,19

861 3736 1080 3808 mercoralis
1351 3773 1407 3824 Ns

290 3823 320 3876 11
349 3805 501 3904 propere*
597 3819 630 3872 14
653 3811 987 3891 conamechaoron
1143 3806 1434 3895 contemnenter,

289 3977 359 4044 t(in
380 3977 466 4042 ΝΑῖ)
482 3975 530 4029 lin.
544 3975 604 4040 del,
623 3976 783 4031 uocabulum
795 3992 859 4030 uero
879 3985 916 4038 ετ
934 3993 988 4030 non
1006 3975 1124 4030 deletum
1142 3978 1183 4028 est
1246 3977 1278 4030 15
1289 3975 1322 4045 si]
1333 3933 1434 4058 quesn,

290 4092 338 4164 qu
358 4080 445 4144 lineis,
468 4091 493 4139 Α
512 4097 563 4134 res.
581 4080 631 4135 del.
716 4074 990 4166 amplectimuh]
1009 4079 1211 4134 coniunctiuum
1224 4077 1339 4134 scribere
1354 4079 1435 4141 nolui,

291 4185 413 4254 quemuis
432 4196 473 4246 υτ
485 4187 626 4255 praecedat
700 4189 732 4242 18
746 4175 952 4270 pessundat]
965 4185 998 4240 of.
1010 4184 1185 4249 Schuchardt,
1195 4184 1345 4252 Uulgdrlat.
1357 4185 1378 4248 1,
1384 4187 1435 4239 259

293 4347 324 4401 19
337 4300 516 4428 ρῖθλεγεῖῖλῖ
585 4345 617 4398 21
639 4354 684 4403 ΙΝ
704 4343 733 4396 in
747 4344 869 4411 margine
886 4359 957 4397 man.
976 4343 992 4396 I
1009 4341 1071 4396 add.
1146 4343 1180 4397 22
1200 4353 1245 4400 ΙΝ
1260 4343 1331 4410 (post
1344 4342 1435 4406 mist)

291 4448 365 4504 deest
382 4449 411 4501 in
429 4449 527 4511 codice,
546 4447 592 4501 sed
610 4450 696 4501 exstat
713 4448 742 4500 in
760 4447 853 4502 eodem
871 4465 950 4501 uersu
969 4448 1078 4502 eltando
1095 4446 1142 4501 fol.
1161 4447 1209 4502 52¹»
1222 4449 1251 4498 et
1267 4449 1313 4501 67·
