3175 5075
571 916 937 1037 PRAEFATIO.

183 1260 321 1337 CAPUT
336 1260 363 1337 1.
382 1260 439 1337 DE
451 1262 669 1340 UNIUERSA
680 1263 867 1340 roslara
881 1260 1097 1338 EDITIOIIIS
1109 1260 1327 1337 PRINCIPIS

183 1391 367 1467 RATIONE
397 1390 447 1468 ΕΤ
476 1393 532 1467 DE
563 1392 799 1471 PRIORIBUS
829 1392 903 1473 QUI
933 1392 990 1468 DE
1020 1390 1326 1468 PRISGILLIANO

462 1522 747 1601 SCRIPSERUNT
769 1521 1047 1599 andromeda.

228 1676 386 1779 Quamuis
410 1710 502 1775 multi
525 1710 589 1774 sint
612 1714 643 1775 11
665 1710 776 1791 prioris
801 1714 833 1773 et
851 1709 1034 1774 recentioris
1058 1711 1127 1773 aeui
1150 1710 1328 1792 scriptores,

184 1813 237 1894 qui
260 1814 297 1877 de
324 1814 518 1878 Priscilliano
546 1814 644 1879 uerba
676 1815 827 1894 fecerunt,
855 1814 1113 1878 desiderabantur
1139 1817 1247 1878 tamen
1273 1814 1328 1878 ad-

184 1916 245 1980 huc
267 1918 395 2000 genuini
421 1918 520 2000 ipsius
542 1918 615 1983 libri
642 1921 673 1983 et
695 1918 740 1982 ita
762 1915 952 1982 uidebantur
973 1918 1140 1998 interiisse,
1167 1921 1204 1982 ut
1226 1921 1329 1982 totum

185 2020 223 2084 de
251 2038 286 2085 eo
314 2021 465 2085 iudicium
495 2021 533 2086 ab
565 2022 632 2085 eius
662 2022 798 2087 inimIois
828 2021 995 2105 penderet,
1025 2022 1059 2085 in
1086 2021 1199 2103 quibus
1229 2022 1329 2085 maxi-

187 2142 272 2187 mam
286 2123 422 2207 Sulpicio
438 2123 552 2191 Seuero
574 2126 786 2191 concedebant
808 2126 1036 2190 auctoritatem.
1073 2125 1218 2190 Feliciter
1233 2126 1330 2209 igitur

185 2230 327 2313 contigit,
357 2234 402 2311 ut,
433 2250 505 2295 cum
532 2232 719 2297 uetustiores
742 2229 950 2295 bibliothecae
973 2231 1187 2295 uniuersitatis
1210 2231 1330 2295 1111111-

187 2332 351 2417 burgensis
374 2335 495 2399 codices
518 2336 691 2399 accuratius
714 2336 950 2417 perlustrarem,
974 2338 1125 2399 autumno
1149 2332 1330 2399 11111885

185 2437 218 2501 11
246 2438 383 2502 codicem
414 2438 544 2503 saecV
571 2440 622 2504 uel
642 2439 687 2504 VI
714 2440 899 2520 inciderem,
930 2439 984 2521 qui
1014 2439 1150 2503 auctoris
1179 2439 1262 2503 illius
1289 2439 1329 2502 ab

186 2542 332 2607 omnibus
354 2544 511 2626 desperati
536 2545 682 2609 undecim
705 2547 858 2609 tractatus
881 2545 1030 2609 continet.
1075 2544 1159 2608 Nam
1183 2543 1243 2607 etsi
1264 2543 1333 2607 Pri·

187 2647 321 2712 scilliani
347 2665 462 2712 nomen
488 2648 522 2712 11
549 2649 667 2729 codice,
698 2649 731 2712 in
756 2667 818 2731 quo
848 2647 1057 2714 bibliothecae
1084 2648 1245 2731 catalogus
1273 2647 1333 2711 ‘iu-

187 2751 265 2815 certi
286 2752 421 2817 auctoris
442 2753 592 2834 opuscrda
606 2753 777 2834 patristica'
802 2753 906 2817 inesse
929 2753 1034 2833 refert,
1057 2769 1214 2834 nusquam
1236 2769 1333 2834 appa·

187 2857 244 2935 ret,
273 2857 380 2919 tamen
408 2873 480 2920 mox
507 2854 587 2921 mihi
614 2859 647 2920 11
674 2857 744 2920 aliis
771 2857 914 2938 persuasi
941 2855 1010 2920 fieri
1036 2873 1098 2919 non
1125 2872 1228 2938 posse,
1256 2854 1331 2937 quin

187 2959 241 3022 alii
272 2960 390 3024 auctori
419 2977 513 3041 quam
544 2959 742 3025 Priscilliano
776 2960 823 3024 illi
852 2962 1004 3024 tractatus
1035 2957 1248 3023 tribuerentur
1278 2958 1330 3041 (cf.

188 3063 316 3127 nomina
343 3064 468 3146 propria
496 3065 529 3128 11
559 3067 648 3129 tract.
670 3064 686 3128 I
709 3067 740 3128 ot
761 3064 794 3128 H
821 3064 917 3129 obuia
946 3068 977 3128 et
1003 3064 1088 3128 locos
1110 3063 1278 3145 parallelos
1300 3063 1333 3126 in

189 3166 293 3231 ‘Arcb
309 3168 331 3231 1.
347 3168 402 3232 lat.
419 3167 675 3252 Lexilrographie'
697 3167 757 3248 III,
781 3188 811 3252 p.
828 3166 973 3233 319111.
998 3186 1017 3232 1
1039 3186 1091 3231 me
1114 3169 1332 3242 enumeratos;

189 3272 228 3335 ad
250 3289 328 3353 quos
350 3271 443 3336 facile
466 3271 537 3336 addi
559 3276 691 3355 possunt
715 3272 809 3337 multi
824 3272 879 3336 alii
893 3272 955 3336 loci
970 3291 1007 3336 er
1021 3271 1123 3336 indice
1138 3268 1331 3353 uerborum).

187 3375 368 3440 Accedebat
402 3376 485 3458 quod
511 3376 653 3440 anecdoti
687 3376 751 3440 mei
784 3376 921 3459 pretium
954 3375 1062 3459 augeri
1094 3374 1234 3439 Intellexi
1262 3393 1335 3456 per·

188 3479 298 3543 multis
320 3479 396 3544 locis
419 3477 543 3544 biblicis
571 3479 807 3544 aPrisciIIIano
836 3480 1009 3544 secundum
1039 3480 1217 3543 uersionem
1244 3481 1334 3542 ante·

187 3581 460 3666 hieronymianam
483 3583 626 3668 allegatis
650 3587 682 3649 11
701 3585 754 3665 qui
768 3584 1004 3666 publicarentur
1019 3583 1221 3668 dignissimis.
1254 3581 1333 3648 Cum

188 3687 283 3770 igitur
300 3687 490 3752 edendorum
505 3688 651 3752 undecim
666 3692 861 3753 tractatuum
877 3689 1030 3772 cepissem
1046 3688 1223 3768 consilium,
1239 3688 1335 3753 etiam

189 3793 336 3856 ‘canones
360 3791 567 3874 epistularum
583 3791 612 3858 S.
629 3793 728 3858 Pauli'
746 3811 765 3856 a
779 3793 976 3857 Priscilliano
993 3793 1120 3874 quidem
1135 3792 1335 3874 compositos,

189 3896 245 3960 sed
275 3913 294 3959 a
319 3895 489 3980 Peregrino
519 3897 700 3962 emendatos
733 3897 846 3961 addere
875 3897 1034 3978 constitui,
1065 3914 1143 3979 quos
1174 3897 1214 3961 ad
1242 3897 1336 3980 longe

187 4000 326 4082 plurium
338 3999 565 4084 meliorumque
578 4019 672 4084 quam
685 4000 853 4066 Zachariae
865 4001 1004 4084 Maiique
1017 4001 1093 4084 (uid.
1102 4001 1184 4064 infra
1195 4019 1262 4084 cap.
1272 3999 1335 4082 HI)

188 4104 343 4169 librorum
371 4103 467 4169 fidem
497 4105 547 4170 edi
576 4123 668 4188 posse
699 4106 847 4188 cognoui,
878 4105 1035 4187 simulque
1062 4104 1335 4168 commonitorium

189 4207 304 4289 Orosii,
326 4209 443 4292 inquo
466 4209 656 4274 Priscilliani
682 4210 898 4293 fragmentum
921 4212 1074 4290 seruatur,
1102 4209 1261 4292 integrum
1284 4226 1337 4270 11-
1423 4275 1427 4281 ,

188 4317 296 4378 111111
319 4313 425 4378 uisum
449 4316 507 4394 est,
531 4331 604 4378 cum
625 4313 812 4396 praesertIm
827 4312 1063 4396 Zangemeister
1084 4330 1115 4376 u.
1132 4312 1171 4376 ol.
1186 4312 1220 4375 in
1235 4308 1338 4375 Orosii

190 4417 327 4482 editione
345 4417 442 4501 (corp.
460 4417 566 4502 script.
583 4417 656 4482 eccl.
674 4416 822 4497 Uindob,
838 4417 900 4481 uol.
915 4416 958 4500 V)
981 4417 1123 4481 consulto
1139 4415 1171 4478 id
1186 4414 1336 4479 omiserit.
