3175 5075
673 1169 1064 1286 PltlSClllliNl

516 1385 805 1469 rancunrus
841 1386 903 1469 lo
939 1386 1168 1469 rorunuu
1204 1387 1230 1469 1

144 1574 235 1617 Wirceb.
251 1572 289 1613 fol.

217 1654 276 1707 122
345 1693 483 1707 .......
497 1643 599 1705 facere
619 1660 681 1705 non
701 1660 793 1725 posse
810 1644 1009 1723 monstraret,
1033 1643 1115 1706 sicut
1135 1642 1258 1725 profeta
1281 1644 1338 1705 ait:
1363 1643 1445 1724 quis

300 1747 449 1830 sapiens
466 1750 501 1811 et
520 1747 704 1830 percipiet
719 1748 810 1811 haec
833 1751 869 1812 et
888 1747 1089 1830 intelleget
1104 1749 1140 1810 et
1156 1747 1251 1811 sciet
1273 1751 1336 1810 ea?
1359 1748 1447 1828 quia

299 1855 424 1915 rectae
456 1854 542 1914 sunt
565 1852 646 1914 uiae
678 1850 815 1915 domini
839 1855 876 1916 et
905 1852 995 1915 iusti
1024 1851 1135 1915 ibunt
1165 1851 1322 1931 luillae,
1353 1852 1470 1934 inpiis

301 1958 424 2019 autem
436 1955 677 2038 languiscent
689 1956 725 2018 in
739 1956 800 2019 eis
817 1956 974 2039 Propter
986 1956 1080 2037 qnod
1093 1958 1204 2019 etuos
1220 1956 1342 2019 induti
1356 1956 1448 2019 fidei

301 2062 412 2125 armis
437 2061 651 2124 castificate
675 2061 817 2125 animas
841 2064 989 2124 uestras
1018 2061 1062 2124 ad
1085 2060 1359 2124 obaudiendum
1381 2080 1448 2143 per

301 2167 476 2249 spiritum
501 2168 531 2229 et
555 2165 805 2229 aedificantes
828 2182 893 2228 uos
916 2166 953 2230 in
982 2166 1163 2248 templum
1187 2165 1326 2228 domini
1356 2166 1448 2228 cari-

301 2274 417 2334 tatem
447 2272 484 2333 in
514 2270 759 2334 fraternitate
791 2270 1000 2352 simplicem
1034 2270 1071 2333 in
1105 2270 1263 2353 gloriam
1297 2270 1448 2332 diuinae

301 2375 517 2439 dilectionis
553 2374 741 2455 adhibete,
777 2375 926 2456 quoniam
960 2375 1005 2437 sic
1040 2374 1190 2438 scribtum
1225 2377 1288 2438 est:
1327 2374 1482 2439 omnisn

302 2498 386 2545 caro
409 2483 449 2545 ut
463 2480 612 2544 faenum
637 2482 673 2544 et
696 2480 816 2544 omnis
832 2479 953 2563 gloria
975 2479 1135 2544 hominis
1158 2482 1198 2544 ut
1215 2476 1219 2565 Ι
1235 2480 1308 2544 llos
1332 2480 1447 2555 faeni;

303 2586 401 2649 aruit
430 2586 580 2649 faenum
610 2588 646 2648 et
675 2585 749 2649 flos
781 2585 934 2665 decidit,
968 2585 1123 2649 neutum
1154 2588 1277 2648 autern
1308 2585 1448 2649 domini

302 2693 426 2754 manet
448 2690 485 2753 in
508 2693 710 2770 aeternum,
734 2693 771 2754 ut
792 2690 825 2752 in
849 2689 1033 2772 euuangelio
1058 2689 1101 2753 ait
1123 2689 1281 2753 dominus:
1304 2691 1447 2754 intrate

302 2814 366 2877 per
389 2797 589 2878 angustum
613 2794 760 2874 ostium,
790 2795 876 2875 quia
899 2794 979 2857 dico
1002 2792 1110 2857 uobis
1134 2793 1242 2857 multi
1264 2799 1448 2876 quaerunt

302 2900 458 2963 introire
482 2903 517 2963 et
540 2917 611 2963 non
634 2902 821 2982 poterunt.
847 2899 885 2961 ln
901 2916 961 2980 quo
977 2916 1040 2962 non
1056 2898 1138 2980 quod
1153 2901 1307 2981 angustus
1324 2903 1481 2963 sancto-1⁵

244 3077 245 3080 Ἴ
302 3024 375 3068 rum
397 3005 607 3068 constituatur
621 3005 793 3088 ingressus,
818 3004 873 3067 sed
897 3005 969 3085 quia
991 3004 1109 3067 omnis
1133 3004 1300 3066 amicitia
1322 3005 1448 3068 mundi
1566 2996 1567 3071 Ῐ

302 3109 455 3173 inimica
477 3112 533 3172 est
557 3109 615 3172 dei
638 3112 670 3172 et
691 3110 832 3172 humana
854 3111 967 3172 natura
988 3109 1110 3171 facilius
1126 3107 1332 3172 oblectatione
1354 3127 1448 3190 quarn

303 3213 410 3277 labore
427 3213 586 3294 suadetur,
609 3232 665 3277 nos
681 3214 903 3297 intellegamus
927 3214 1019 3295 quod,
1037 3213 1091 3276 ubi
1113 3231 1218 3276 rerum
1233 3215 1447 3295 praesentium

219 3331 279 3385 123
303 3318 448 3382 uoluntas
472 3318 639 3399 quaeritur,
663 3319 786 3382 futurae
810 3315 819 3402 ll
841 3319 924 3382 uitae
947 3317 1113 3401 promissio
1136 3335 1199 3380 non
1220 3317 1365 3381 habetur.
1400 3317 1448 3382 Sic

408 3463 611 3528 3H0s.14,1o.
682 3464 837 3533 6Propter]
856 3463 889 3518 cf.
904 3480 984 3533 supra
1001 3480 1027 3532 p.
1041 3465 1083 3527 80,
1098 3465 1120 3518 1.
1196 3462 1297 3532 induti]
1317 3464 1351 3517 cf.
1371 3464 1445 3517 Rom.
1566 3500 1567 3545 p

306 3553 345 3615 13,
361 3553 406 3613 12;
419 3550 514 3620 Ephes.
526 3553 549 3615 6,
562 3553 592 3607 11
604 3567 659 3619 sqq.
742 3555 758 3607 7
772 3550 930 3620 castificate]
948 3551 970 3605 1.
983 3551 1055 3604 Petr.
1071 3553 1094 3613 1,
1107 3553 1148 3605 22.
1231 3553 1248 3605 8
1267 3550 1447 3620 aedificantes]

304 3639 325 3692 I.
343 3638 415 3691 Petr.
429 3640 453 3701 2,
467 3641 491 3692 5.
558 3638 709 3707 caritatem]
722 3639 744 3692 I.
757 3638 829 3692 Petr.
845 3641 867 3702 1,
880 3641 922 3693 22.
980 3639 1013 3692 10
1025 3637 1124 3706 omnis]
1138 3637 1182 3690 Es,
1195 3638 1237 3700 46,
1251 3638 1445 3700 c-a;1.Pen.

306 3728 329 3790 1,
340 3727 381 3780 24.
463 3727 495 3780 13
513 3725 623 3794 intrato]
642 3725 703 3779 Luc.
720 3727 759 3789 13,
773 3727 815 3781 24.
898 3728 930 3781 16
947 3724 1001 3778 Iac.
1014 3726 1039 3789 4,
1052 3727 1081 3787 45
1100 3723 1133 3778 ci.
1146 3725 1265 3780 Doaraosi
1282 3726 1359 3793 aptot.
1379 3725 1447 3794 apud

304 3812 369 3880 Mig.
384 3813 425 3876 13,
439 3814 490 3866 366
499 3812 529 3865 Β.

349 3945 364 3997 2
376 3941 416 3996 Of.
428 3941 568 4011 subscript.
578 3942 658 3995 huius
667 3943 801 3996 tractatus
843 3947 859 3999 3
870 3946 931 3996 ante
943 3943 994 3996 hoc
1006 3941 1102 3994 folium
1115 3939 1253 4009 complura
1264 3941 1391 3996 excidisse
1403 3943 1446 3995 do·

305 4047 409 4100 cuimus
422 4047 450 4100 in
461 4046 543 4116 praef.
558 4063 579 4100 c.
589 4046 618 4100 H
671 4049 688 4102 4
707 4036 818 4136 bstpssj
870 4051 886 4104 5
907 4040 991 4107 litas
1006 4048 1123 4134 seruaui;
1133 4047 1210 4102 facile
1221 4047 1321 4116 cogites
1330 4047 1363 4100 de
1379 4039 1446 4106 11115

306 4161 667 4282 clnmcorscerot'eia
694 4216 704 4265 1
727 4217 786 4264 exn
812 4222 878 4259 corr.
967 4189 1313 4285 aoeaooremsocm,
1330 4205 1446 4263 suna

305 4365 404 4430 puncto
424 4360 474 4414 dol.
556 4363 588 4417 12
605 4319 729 4444 etflos,
747 4361 780 4417 cf.
794 4364 836 4426 84,
850 4364 883 4417 16
962 4364 994 4417 14
1009 4371 1107 4432 Ante.
1123 4361 1202 4429 ost]
1215 4363 1341 4416 coartatis
1352 4360 1445 4416 litteris

307 4467 405 4541 script,
419 4466 452 4521 or.
467 4469 546 4531 61,5;
565 4471 606 4532 er,
622 4470 654 4524 ro
743 4469 776 4525 ro
797 4458 994 4538 uolontas]
1012 4464 1084 4522 nour
1103 4467 1254 4520 mutarem
1274 4459 1445 4550 uoluptas
