3175 5075
277 488 297 555 8
637 526 640 531 ·
742 509 951 564 crescenius

278 665 429 730 elefantos
461 670 620 750 serpentes
652 671 682 732 et
711 668 829 733 bestias
860 688 1069 753 superuacues
1100 671 1292 735 confusibilis
1319 670 1426 734 obser-

276 772 402 836 uantiee
436 772 575 835 uanitate
606 774 748 855 captiuus
779 775 866 838 uelut
895 776 1080 857 mysterium
1111 776 1233 863 diuinae
1266 775 1424 858 religionis

277 876 478 956 adstruxerit,
510 895 641 958 quorum
674 895 767 960 opera
798 881 829 942 et
858 878 1031 943 formarum
1061 880 1285 944 detestabilitas
1314 883 1425 943 nature

277 981 526 1061 daemoniorum,
554 999 617 1045 non
645 982 822 1047 diuinarum
849 984 965 1048 ueritas
990 985 1159 1068 gloriarum
1183 988 1240 1048 est.
1286 984 1330 1048 Hi
1352 988 1425 1047 sunt

277 1086 360 1149 enim
391 1076 544 1168 quo'rum
575 1086 663 1150 deus
694 1090 826 1152 uenter
861 1092 917 1152 est
950 1092 985 1152 et
1020 1090 1139 1172 glorie
1172 1090 1207 1152 in
1242 1089 1453 1171 pudendis⁵

237 1200 252 1252 7
277 1208 416 1265 eorum;
444 1190 477 1254 hi
505 1195 579 1255 sunt
605 1192 657 1273 qui
685 1191 794 1255 dubios
823 1196 967 1257 euertunt
988 1191 997 1278 11
1020 1197 1051 1257 et
1077 1194 1116 1257 ad
1142 1194 1323 1276 perditionis
1351 1212 1424 1257 suae

277 1296 394 1359 excidia
416 1295 573 1360 deducunt
595 1299 626 1360 et
649 1301 882 1361 sacramentum
904 1301 1028 1378 uocant,
1049 1298 1131 1380 quod
1154 1299 1327 1363 secundum
1351 1300 1424 1362 scri-

275 1403 384 1482 pturas
408 1400 456 1463 dei
478 1401 658 1484 perditionis
686 1403 830 1467 nesciunt
857 1422 925 1465 esse
952 1404 1148 1485 mysterium,
1176 1408 1206 1468 et
1229 1407 1361 1467 euntes
1386 1405 1423 1467 in

276 1506 553 1589 praecipitium,
578 1506 657 1570 sicut
679 1507 801 1590 profeta
823 1508 880 1587 ait,
908 1508 999 1571 facti
1023 1510 1110 1571 sunt
1135 1509 1241 1572 uelut
1268 1509 1423 1591 spiritus

276 1612 313 1673 in
335 1610 461 1691 pinnis
485 1611 699 1675 uolatilium
722 1614 757 1677 et
779 1612 861 1675 ideo
884 1612 1160 1676 confundentur
1183 1632 1223 1676 ex
1247 1613 1465 1677 sacrariisw

277 1715 354 1778 suis
377 1714 453 1779 fecti
482 1715 579 1779 sicut
606 1735 720 1798 equus
748 1720 783 1779 et
810 1716 933 1779 mulus
960 1717 1094 1797 quibus
1124 1734 1196 1781 non
1228 1720 1285 1781 est
1310 1718 1424 1781 intel-

274 1821 395 1884 lectus
427 1822 458 1883 et
485 1820 570 1904 digni
598 1823 671 1884 sunt
698 1837 831 1902 quorum
854 1821 930 1884 deus
953 1819 1005 1885 Sol
1034 1822 1082 1885 sit.
1128 1822 1193 1885 Nos
1217 1825 1324 1886 eutem
1347 1822 1425 1885 diui-

275 1942 388 1987 narum
413 1925 636 2007 scripturarum
661 1925 761 1989 edocti
780 1925 885 1989 uerbis
909 1926 968 1989 etsi
988 1927 1104 1989 scimus
1124 1926 1208 2007 quia
1231 1926 1324 1990 nihil
1346 1926 1425 1990 ido-

274 2030 351 2093 lum
374 2032 431 2095 est
453 2030 489 2093 in
512 2030 579 2093 hoc
606 2030 754 2110 mundo,
780 2030 843 2093 sed
866 2047 959 2111 quae
979 2031 1199 2094 sacrificant
1219 2031 1424 2094 daemoniis

277 2134 497 2198 sacrificent
519 2137 554 2198 et
580 2152 652 2197 uon
680 2134 758 2215 deo,
783 2134 980 2199 elaboramus
1003 2138 1120 2216 tamen,
1144 2138 1178 2199 ut
1202 2135 1283 2198 sicut
1300 2133 1306 2220 Ι
1326 2135 1463 2198 scrib-15

275 2240 344 2303 tum
375 2242 423 2303 est
452 2239 668 2322 intellegentes
696 2240 884 2303 uersuties
913 2256 1123 2303 sermonum
1150 2243 1186 2304 et
1215 2240 1423 2323 interprae-

275 2344 438 2408 tationes
468 2344 731 2426 parabolarum
763 2348 798 2408 et
831 2347 1010 2427 operanteS,
1041 2345 1123 2426 quod
1152 2345 1185 2408 in
1215 2344 1272 2407 deo
1303 2364 1422 2425 sumne,

275 2448 352 2512 nihil
375 2448 407 2511 in
430 2448 520 2512 nobis
547 2448 753 2513 bestiarum
783 2450 908 2533 figure
937 2448 1066 2529 habeat,
1098 2449 1152 2513 sod
1177 2452 1279 2513 totum
1309 2448 1423 2513 Christi

275 2553 324 2617 dei
357 2556 463 2618 teneat
496 2554 671 2637 disciplina,
702 2555 775 2635 quia
805 2556 892 2618 nulle
921 2555 1162 2619 communicatio
1193 2557 1240 2618 est
1273 2573 1422 2618 mensae

275 2657 411 2722 domini
445 2662 481 2723 et
513 2677 663 2724 mensae
697 2659 992 2740 daemoniorum,
1026 2659 1110 2723 luci
1143 2661 1183 2723 et
1215 2659 1462 2739 tenebris,2o
1565 2710 1566 2717 .

274 2763 422 2827 Christo
446 2767 482 2828 et
503 2765 641 2828 Beliae.
687 2762 772 2828 Sicut
795 2767 826 2828 et
852 2764 1000 2827 Iohannis
1024 2764 1062 2828 de
1084 2763 1265 2827 huiusmodi
1291 2765 1421 2845 loquens

273 2868 330 2932 eit:
355 2869 385 2932 si
412 2869 493 2950 quis
521 2869 650 2933 adorat
676 2869 837 2932 bestiam
865 2872 900 2932 et
925 2869 1126 2952 imaginem
1154 2868 1249 2948 eius,
1276 2868 1336 2932 hic
1364 2886 1421 2932 ac-

273 2975 518 3056 cepit-notem
541 2975 578 3037 in
600 2975 723 3038 fronte
748 2992 813 3037 sue
835 2974 929 3037 etin
951 2992 1061 3037 manu
1085 2990 1163 3053 sua,
1188 2975 1220 3036 ct
1242 2973 1310 3056 ipse
1333 2973 1420 3036 alibi:

272 3080 348 3143 uidi
376 3079 418 3143 de
449 3079 541 3143 meri
570 3079 730 3143 bestiam
761 3079 1024 3142 ascendentem
1054 3078 1254 3141 habentem
1285 3095 1422 3141 cornua

231 3185 399 3249 edacem
421 3180 430 3270 ΙΙ
454 3186 489 3248 et
516 3185 639 3266 capita
666 3186 809 3266 septem
837 3186 873 3247 et
901 3184 938 3247 in
969 3182 1156 3264 capitibus
1188 3182 1267 3245 eius
1297 3183 1460 3245 decena

274 3289 486 3354 diademata
509 3292 544 3353 ct
566 3305 698 3352 nomen
717 3287 974 3370 blasphemiae
995 3289 1031 3350 ct
1051 3289 1131 3350 eret
1150 3286 1287 3350 similis
1309 3286 1421 3368 perdo

379 3481 394 3534 5
413 3477 529 3547 Philipp.
549 3481 573 3542 3,
594 3480 639 3540 19;
657 3473 690 3530 cf.
704 3477 786 3530 Prisc.
801 3493 857 3530 can.
870 3475 900 3529 L.
972 3479 988 3531 8
1006 3476 1071 3529 Hos,
1083 3478 1109 3540 4,
1124 3479 1164 3531 13.
1179 3477 1219 3531 19.
1292 3478 1322 3531 11
1343 3475 1420 3544 sicut]

273 3565 337 3620 Tob.
363 3569 386 3629 6,
412 3568 451 3620 17,
543 3567 576 3621 13
598 3565 619 3618 Ι.
640 3563 698 3618 cor.
722 3566 763 3628 10,
786 3567 826 3619 19.
850 3567 891 3618 20.
987 3566 1019 3618 16
1044 3563 1104 3631 Sap.
1127 3565 1155 3626 8,
1178 3566 1207 3625 83
1230 3562 1311 3616 Sirac.
1333 3565 1375 3625 39,
1397 3566 1420 3616 2.

275 3655 307 3708 18
326 3652 359 3706 cf.
373 3652 454 3722 Apoc.
468 3654 508 3716 16,
522 3655 552 3716 2;
571 3655 611 3716 19,
625 3654 665 3706 29.
721 3653 753 3706 19
772 3650 793 3704 Ι.
808 3649 867 3705 Cor.
882 3653 921 3714 19,
935 3653 977 3705 21.
1030 3653 1064 3705 29
1082 3649 1146 3719 luci]
1161 3650 1197 3703 Π.
1211 3649 1270 3704 Cor.
1283 3653 1307 3714 6,
1323 3652 1362 3704 14.
1377 3652 1416 3704 15.

275 3743 308 3795 22
327 3738 408 3808 Apoc.
429 3741 470 3803 14,
489 3742 513 3794 9.
585 3742 619 3794 24
637 3737 718 3807 Apoc.
739 3741 779 3802 13,
800 3739 823 3793 1.
842 3741 867 3793 2.

377 3899 408 3950 12
428 3894 468 3950 Cf.
488 3897 627 3964 Hilarius,
647 3895 679 3952 de
697 3897 761 3952 tcto.
782 3898 807 3964 I,
825 3901 873 3951 17:
896 3894 941 3948 sed
965 3911 1012 3949 nos
1035 3893 1121 3948 edocti
1146 3893 1277 3947 diuinitus
1300 3910 1322 3946 e.
1342 3909 1366 3962 q.
1386 3900 1437 3957 s.;'

271 3983 304 4037 cf.
325 3983 397 4036 infra
416 3983 470 4048 22¹¹,
489 3986 535 4039 23·
554 3986 580 4036 et
598 3986 652 4038 82⁸.

314 4134 455 4255 4651111,
477 4175 510 4230 cf.
530 4192 610 4245 supra
627 4192 652 4245 p.
672 4177 688 4228 6
711 4173 745 4227 ed
762 4173 809 4227 lin.
828 4176 862 4229 25
958 4178 991 4231 13
1009 4162 1134 4253 εδοεῐι,
1156 4184 1175 4235 o
1199 4183 1271 4232 ext]
1297 4188 1363 4226 corr.
1429 4203 1432 4207 -

272 4258 404 4342 'bolom
496 4281 947 4369 1c,e,r,einresureexstaeerat
959 4290 1000 4340 er
1083 4281 1115 4334 17
1129 4271 1416 4364 pernoctatum,

271 4452 290 4499 o
310 4459 340 4494 cx
360 4450 382 4500 υ
403 4456 469 4494 corr.
546 4442 578 4495 18
598 4396 721 4518 190615,
734 4447 753 4498 S
767 4437 859 4491 littere
879 4421 922 4525 (in
938 4418 1030 4521 roos)
1050 4435 1127 4489 lineis
1146 4434 1262 4488 obducta
