3175 5075
285 476 327 541 96
752 492 963 549 runcruanr

284 652 504 716 coust'tuimus
527 653 665 733 incertis,
697 653 922 717 cotidianorum
944 653 977 716 in
1000 652 1090 717 nobis
1120 651 1188 715 ficri
1217 650 1302 714 bella
1331 655 1430 714 certa-

284 757 407 819 minum
423 757 520 820 etiam
536 758 711 839 apostolicis
727 758 857 821 uocibus
875 756 1040 820 edocemur
1056 756 1178 820 dicente
1194 756 1233 819 ad
1248 773 1306 819 nos
1317 755 1429 819 Paulo:

283 879 367 925 caro
391 862 627 942 concupiscit
645 862 831 941 ¹aduersus
848 862 1033 944 spiritum,
1057 861 1213 943 spiritus
1236 863 1362 923 autem
1377 861 1430 922 ad-

283 984 415 1029 uersus
439 984 601 1041 carnem;
633 967 723 1030 haec
746 966 909 1029 inuicem
933 964 1006 1029 sibi
1028 966 1274 1044 altercantur,
1297 969 1429 1028 utnon

282 1088 374 1151 quae
404 1070 575 1133 uolumus
607 1071 798 1150 faciamus,
829 1073 862 1133 et
887 1070 961 1151 quia
983 1067 988 1155 l
1012 1070 1169 1133 humanae
1197 1070 1430 1151 intellegentiae
1454 1101 1465 1139 ⁵

283 1193 394 1238 seusus
427 1177 458 1237 et
487 1176 566 1239 ratio
590 1175 805 1239 communium
832 1174 1016 1257 opinionum
1045 1192 1108 1237 nou
1131 1175 1240 1238 statim
1271 1174 1431 1255 apostolici

282 1280 435 1344 sermonis
459 1284 490 1344 et
513 1281 655 1344 caelestis
680 1280 800 1343 consilii
823 1297 920 1361 capax
936 1282 1030 1359 esset,
1053 1280 1254 1360 insequenter
1270 1279 1429 1360 apostolus

281 1384 409 1465 Paulus,
441 1404 496 1449 our
518 1386 720 1469 peccantibus
744 1385 833 1450 nobis
865 1385 988 1449 deuicta
1009 1386 1094 1449 uitiis
1117 1404 1188 1449 caro
1212 1387 1244 1448 et
1273 1386 1429 1448 humanae

282 1489 365 1552 uitae
390 1490 518 1555 ambitio
542 1489 727 1570 subiaceret,
752 1490 888 1554 ostendit
904 1489 1023 1553 dicens:
1047 1506 1119 1553 non
1142 1492 1199 1553 est
1220 1489 1327 1554 uobis
1352 1507 1429 1551 con-

282 1594 441 1657 luctatio
472 1598 601 1659 contra
636 1614 784 1659 caruem
816 1598 852 1658 ct
885 1596 1116 1677 sanguinem,
1150 1595 1215 1658 sed
1248 1595 1464 1660 aduersusro

281 1698 471 1781 principes
502 1703 539 1764 et
568 1703 779 1782 potestates
811 1699 938 1762 mundi
964 1700 1074 1764 huius
1104 1703 1269 1764 rectores
1300 1700 1428 1763 harum

199 1810 256 1863 131
283 1802 538 1885 tenebrarum,
570 1806 750 1869 aduersus
782 1805 971 1887 spiritalia
1001 1805 1192 1885 nequitiae
1214 1801 1223 1890 ll
1244 1805 1281 1867 in
1312 1805 1430 1868 caele-

282 1907 418 1983 stibus3
444 1910 525 1974 sicut
547 1913 578 1973 et
600 1910 749 1973 Iohannis
774 1909 831 1973 ait:
855 1909 932 1972 uidi
954 1912 1030 1973 tras
1052 1909 1207 1991 spiritus
1230 1909 1428 1972 inmundos

281 2014 468 2094 tamquam
499 2017 575 2077 tres
599 2032 710 2078 ranas
743 2016 923 2077 exeuntes
954 2013 996 2076 de
1019 2031 1081 2076 ore
1111 2013 1427 2096 pseudoprofetae

282 2118 318 2178 ct
338 2116 381 2180 dc
404 2135 464 2181 ore
484 2118 628 2181 bestiae
650 2118 752 2182 ethii
775 2121 953 2181 sunttres
974 2118 1131 2201 spiritus
1148 2118 1426 2181 daemoniorum
1440 2144 1463 2183 15

281 2220 342 2301 qui
365 2222 572 2302 procedunt
595 2224 637 2286 ad
660 2222 940 2286 conturbandos
963 2241 1070 2304 reges
1094 2226 1227 2302 terrae,
1258 2224 1427 2285 etiterum

281 2324 348 2405 ipse
379 2326 481 2388 Dauid
511 2327 585 2408 quid
614 2328 646 2389 in
677 2326 766 2389 nobis
797 2329 952 2408 pugnaret
981 2327 1150 2389 ostendens
1181 2327 1239 2390 ait:
1271 2326 1426 2406 domine,

281 2428 523 2509 iniquitatem
562 2450 678 2494 meam
718 2449 783 2513 ego
818 2449 979 2513 agnosco
1017 2434 1053 2493 et
1090 2430 1270 2493 delictum
1308 2450 1425 2494 meum

281 2536 411 2597 contra
434 2555 488 2598 me
506 2540 563 2600 est
579 2555 736 2618 semper,
761 2539 792 2600 et
808 2536 967 2618 apostolus
991 2536 1029 2599 de
1046 2553 1082 2599 eo
1102 2536 1232 2616 loquens
1248 2536 1307 2598 ait:
1331 2536 1425 2599 uude

280 2636 392 2719 bella,
416 2641 510 2704 rrndc
526 2641 628 2705 rixae
650 2641 686 2703 in
703 2640 834 2704 uobis?
857 2658 977 2704 nonne
993 2641 1035 2703 de
1056 2638 1322 2704 uoluntatibus
1338 2638 1423 2724 uas-l
1437 2668 1459 2705 ro

282 2742 361 2822 tris,
385 2762 477 2825 quae
500 2746 668 2808 militant
686 2746 723 2807 in
739 2745 915 2809 membris
936 2745 1098 2808 uestris?
1121 2749 1166 2825 ut,
1183 2746 1236 2826 qui
1250 2745 1424 2808 diuinorum

281 2853 518 2931 praeceptorum
541 2851 573 2913 in
597 2869 630 2914 se
654 2869 731 2932 opus
754 2851 861 2931 uellet,
891 2851 1040 2914 uniuersa
1060 2849 1094 2913 in
1117 2870 1150 2912 se
1172 2850 1322 2913 uitiorum
1344 2850 1425 2914 bella

281 2951 448 3017 deuincens
473 2973 535 3018 non
566 2957 668 3018 solum
691 2957 793 3018 carnis
825 2956 880 3018 scd
903 2959 935 3018 et
961 2955 1189 3038 cogitationum
1215 2954 1297 3018 idest
1321 2956 1425 3037 spiri-

226 3051 227 3054 '
280 3056 412 3121 talium
443 3060 694 3140 nequitiarum
726 3060 983 3142 concupiscentiis
1008 3059 1181 3124 abstineret
1203 3062 1235 3122 et
1260 3059 1425 3142 gentilium

282 3160 468 3226 daemonum
491 3165 523 3226 in
547 3183 580 3227 se
604 3164 754 3228 ucncfioia
777 3165 960 3247 despiciam,
984 3165 1034 3229 cui
1056 3164 1175 3228 tributa
1198 3165 1423 3247 peccaminum,
1436 3189 1458 3227 rr

280 3272 330 3334 cui
342 3269 497 3352 stipendia
508 3269 666 3349 uitiorum,
682 3269 732 3332 cui
747 3269 875 3332 timores
891 3269 1105 3350 formidinum,
1122 3270 1170 3331 cui
1185 3261 1320 3332 honores
1336 3287 1424 3351 prae-

196 3386 256 3439 132
281 3376 472 3440 tereuntium
485 3374 673 3457 dignitatum
690 3374 812 3437 deditus
828 3375 952 3437 saeculo
967 3375 1060 3438 homo
1077 3373 1215 3454 deberet,
1233 3371 1424 3458 agnoscebat

384 3512 477 3567 adal.
493 3515 516 3576 5,
532 3514 570 3567 17.
625 3512 726 3580 9Eph.
741 3515 765 3575 6,
780 3513 820 3566 12.
875 3511 1174 3580 13Apoc.1o,13.14.
1236 3513 1267 3566 17
1286 3512 1331 3564 Ps.
1346 3514 1386 3574 50,
1400 3514 1421 3564 5.

281 3605 313 3658 19
332 3600 422 3664 lael,
437 3601 459 3654 1.
531 3601 564 3654 23
583 3599 616 3653 of.
630 3599 696 3667 Eph.
711 3601 734 3662 6,
750 3600 790 3653 12.

384 3725 399 3777 5
418 3722 557 3790 Hilarius,
577 3721 609 3775 de
626 3723 691 3776 trin.
708 3721 773 3789 VII,
787 3725 837 3774 16:
855 3720 1023 3789 Quamquam
1036 3721 1120 3788 igitur
1136 3721 1215 3773 huius
1228 3719 1422 3788 intellegentiae

279 3812 384 3864 nostrae
403 3808 580 3862 indiciarum
598 3808 710 3861 humani
728 3824 821 3861 sensns
839 3809 962 3876 opinione
980 3809 1133 3861 communia
1152 3808 1215 3872 sint,
1235 3810 1284 3862 eto.

322 3953 339 4005 s
359 3947 638 4016 conscripsimus
659 3929 722 4006 curl
794 3949 825 4002 11
845 3957 1056 4032 potestates,
1079 3960 1089 4009 r
1109 3965 1139 4000 ex
1156 3960 1162 4008 ι
1179 3948 1242 4001 fact
1317 3951 1349 4004 12
1369 3957 1422 4006 roe

280 4037 440 4136 qultdae',
461 4061 509 4113 ΑΕ
527 4053 556 4106 in
574 4068 658 4119 marg.
672 4053 780 4120 eiusque
799 4052 853 4107 litt.
870 4062 890 4114 ε
908 4070 1047 4123 perperam
1065 4052 1113 4106 lin.
1132 4052 1183 4105 del.
1240 4054 1272 4108 14
1285 4042 1421 4136 pseubo

278 4220 426 4295 ρκοξΕῐΕ
533 4213 565 4266 19
584 4167 815 4294 &peanum
835 4213 862 4263 et
879 4213 979 4280 puncto
998 4209 1048 4263 dcl.
1154 4211 1189 4264 20
1210 4201 1419 4277 υοΙυΝῖ.]ο1.

279 4331 359 4386 supra
376 4334 402 4385 p.
416 4318 456 4380 ca,
472 4319 504 4371 17
583 4319 616 4370 25
636 4324 840 4397 occoeperat,
866 4315 900 4369 er.
913 4333 938 4385 p.
952 4317 1024 4379 nna
1104 4296 1341 4398 besbicum,
1364 4326 1420 4374 rex

280 4433 287 4480 1
309 4437 383 4486 corr,
403 4421 463 4474 ante
484 4431 515 4479 Ν
537 4437 601 4472 eras.
624 4431 631 4478 1
718 4422 751 4474 27
771 4419 1046 4497 agnoscebam,
1069 4419 1101 4472 cf.
1116 4423 1157 4483 52,
1173 4421 1203 4474 ll
1223 4420 1276 4487 (60,
1290 4420 1325 4488 5).
