3175 5075
189 1236 326 1321 PAULI
353 1237 507 1322 OROSII
532 1240 595 1321 nl)
621 1239 865 1323 AURELIUM
891 1241 1200 1326 1100001101οΙ
1227 1243 1333 1327 OOM·

188 1375 476 1460 MONITORIUM
515 1378 576 1461 OE
615 1378 796 1462 ERRORE
832 1380 1334 1466 PRISOILLIANISTARUM

521 1516 581 1599 m
608 1517 999 1603 ORIOENISTARUM.

190 1796 449 1864 BEATISSIMO
476 1798 608 1863 PATRI
634 1798 879 1865 AUGUSTINO
906 1800 1115 1866 EPISOOPO
1143 1800 1331 1867 OROSIUS.

162 2040 175 2080 a
235 2019 262 2083 1.
287 1994 362 2085 Iam
388 2021 515 2103 quidem
537 2039 758 2104 suggesseram
781 2022 942 2086 sanctitati
964 2026 1046 2101 tuae,
1078 2023 1132 2085 sed
1163 2025 1334 2088 eommoni·

186 2126 303 2187 torium
325 2129 493 2208 suggestas
514 2126 559 2189 rei
582 2129 657 2189 tuno
680 2126 791 2189 offerre
811 2126 997 2205 meditabar,
1020 2145 1092 2189 uum
1108 2130 1139 2191 te
1156 2128 1332 2208 expeditum

187 2229 292 2293 animo
322 2228 362 2291 ab
397 2230 468 2293 aliis
498 2229 635 2294 dictandi
665 2230 907 2322 necessitatibus
942 2249 1010 2294 esse
1047 2232 1225 2295 sensissem.
1272 2230 1333 2295 Sed

187 2334 334 2413 quoniam
366 2333 481 2398 domini
512 2334 586 2412 mei,
617 2334 673 2398 filii
704 2336 761 2413 tui,
792 2335 962 2417 Eutropius
992 2338 1024 2398 et
1050 2335 1167 2399 Paulus
1197 2336 1334 2417 episeopi

188 2436 299 2500 eadem
329 2441 446 2518 quaet
476 2456 533 2521 ego
563 2458 642 2520 puer
665 2442 768 2502 uester
792 2440 901 2503 salutis
929 2439 1069 2504 omnium
1100 2440 1234 2504 utilitate
1263 2460 1333 2522 per·

150 2560 174 2598 10
188 2544 266 2605 moti
295 2543 568 2607 commonitorium
598 2545 662 2608 iam
697 2544 850 2608 dederunt
880 2543 917 2607 de
948 2545 1114 2626 aliquantis
1144 2545 1332 2609 ‘haeresibus

187 2664 246 2710 neo
269 2651 376 2711 tamen
399 2667 508 2712 omnes
532 2648 760 2732 significarunt,
783 2667 912 2712 neeesse
936 2667 987 2712 me
1003 2649 1063 2712 fuit
1078 2649 1225 2713 festinato
1242 2649 1332 2713 edere

188 2755 219 2814 et
241 2769 425 2816 ooaoemare
447 2753 481 2817 in
503 2772 602 2817 unum
625 2771 736 2817 omnes
758 2754 970 2836 perditionum
992 2753 1119 2817 arbores
1134 2772 1208 2818 oum
1223 2754 1334 2819 radiei-

186 2854 246 2918 bus
277 2859 310 2919 et
338 2857 434 2920 ramis
457 2857 521 2920 suis
545 2860 577 2921 et
605 2856 716 2920 offerre
740 2857 870 2941 ignienti
894 2858 1014 2938 spiritui
1041 2860 1105 2936 tuo,
1136 2861 1171 2920 ut
1201 2861 1235 2921 tu
1265 2859 1332 2922 uiso

187 2959 313 3041 agmine
335 2963 560 3041 perspectaque
583 2962 720 3042 nequitia
742 2961 949 3042 permetiaris
980 2979 1075 3042 quam
1101 2962 1203 3043 possis
1228 2961 1333 3043 dispo-

148 3081 173 3120 rs
188 3063 332 3126 sitionem
344 3064 492 3127 adhibere
504 3065 640 3128 uirtutis.
662 3065 709 3128 Tu
722 3068 859 3142 tantum,
870 3064 1052 3128 beatissime
1063 3068 1164 3146 pater,
1177 3067 1332 3148 malignas

231 3306 243 3358 1
265 3291 553 3360 mcfficoEomr']
566 3303 753 3359 onosmnn
767 3292 838 3358 soni
850 3292 1106 3359 nonsummum.
1120 3304 1168 3357 ns
1181 3303 1331 3358 assona.

184 3379 555 3446 PulscmLmNISTARV.
575 3391 619 3444 ET
639 3379 916 3446 ORIGENISTARV.
936 3393 1030 3460 A(fol.
1042 3393 1088 3459 48)
1150 3389 1332 3445 COMMONI-

186 3475 325 3530 sommo
343 3476 463 3532 ouosn
475 3478 688 3532 pensaurum
700 3478 749 3532 nn
763 3465 834 3531 soit
845 3466 926 3533 nvo.
941 3479 988 3532 un
1001 3477 1330 3532 personummsurs.

184 3563 230 3617 ΕΤ
249 3563 297 3617 DE
314 3563 484 3618 ORIGENIS
502 3564 652 3619 ERRORE.
665 3567 693 3619 B
705 3567 764 3633 (fol.
778 3566 842 3631 120)
904 3564 1153 3621 CONSULTATIO
1172 3565 1228 3617 siue
1246 3563 1332 3620 0οΜ-

184 3649 421 3704 MONITORIUM
443 3650 565 3705 OROSII
587 3649 637 3704 AD
661 3650 908 3714 AUGUSTINURL
936 3651 984 3704 DE
1007 3650 1150 3705 ERRORE
1178 3651 1332 3707 PRISOIL-

185 3735 435 3791 LIANISTARUM
451 3737 496 3790 ET
514 3736 813 3793 ORIGENISTARUM
830 3736 857 3792 E
874 3736 922 3808 [cf.
934 3740 1014 3809 Aug,
1024 3745 1130 3793 retract.
1141 3740 1184 3805 ΙΙ,
1195 3740 1295 3793 aXLI
1297 3739 1332 3792 V:

186 3822 282 3877 ‘Orosii
300 3824 439 3878 cuiusdam
457 3824 571 3893 Hispani
589 3824 739 3893 presbyteri
758 3824 1000 3878 consultationi
1024 3824 1056 3878 de
1074 3824 1286 3878 Priscillianistis
1305 3827 1332 3878 et

185 3910 218 3964 de
234 3909 395 3978 quibusdam
408 3910 530 3980 Origenis
543 3911 664 3965 sensibus
678 3954 683 3965 .
699 3955 703 3965 .
719 3955 724 3964 .
740 3954 745 3965 .
759 3913 860 3979 quanta
872 3912 948 3980 potui
960 3911 1091 3965 breuitate
1106 3955 1110 3966 .
1126 3954 1131 3965 ,
1145 3911 1270 3980 respondi
1281 3931 1330 3975 »v;

184 3999 212 4050 et
229 3998 288 4065 ipsa
306 3998 378 4050 enim
396 3998 600 4052 consultatio
619 3997 784 4068 responsioni
802 4014 876 4051 meae
895 4016 911 4051 a
929 3998 1014 4067 capite
1027 3998 1153 4052 adiuncta
1171 4001 1211 4052 est
1223 4015 1244 4052 e.
1258 4013 1282 4065 q.
1296 3997 1332 4068 a]

184 4084 201 4137 4
219 4090 282 4138 ante
299 4083 406 4137 beatiss,
416 4087 543 4154 praefatu
560 4092 585 4140 et
600 4103 657 4141 uox
668 4085 903 4139 commonitorium
915 4089 942 4140 A
994 4085 1116 4138 horosius
1128 4087 1183 4139 AB
1236 4089 1331 4154 Opuer

184 4168 276 4238 ABE,
294 4171 341 4226 aad
354 4170 478 4239 ‘fortasse
495 4171 676 4240 presbyter'
689 4170 715 4227 E
728 4173 759 4226 in
776 4174 900 4241 usurpem
954 4175 986 4226 10
1004 4171 1141 4225 heresibus
1154 4172 1181 4226 A
1236 4175 1266 4227 ll
1285 4188 1331 4225 ne-

184 4273 255 4310 oesse
278 4257 332 4310 fuit
354 4273 397 4310 me
419 4257 546 4311 festinato
568 4256 624 4313 Bm
696 4260 729 4314 12
748 4257 855 4311 arbores
873 4260 904 4313 ios
921 4277 974 4314 ras.
995 4264 1096 4313 mum
1115 4259 1143 4312 B
1218 4260 1251 4312 14
1271 4273 1331 4325 per-

184 4344 322 4408 metiaris,
340 4343 378 4398 eti
396 4346 427 4399 in
443 4362 497 4400 ras.
511 4346 653 4399 mao.1B
706 4343 847 4400 ‘Uaticano‘
864 4345 966 4401 codices
985 4361 1036 4412 qua
1054 4344 1139 4413 possis
1158 4343 1330 4414 dispositione

184 4431 304 4485 studium
323 4429 449 4484 adhibere
468 4430 587 4485 uirtutis'
606 4432 621 4487 b
676 4435 708 4486 15
727 4431 846 4501 tantum]
866 4433 914 4502 loy.
934 4432 1068 4490 tandem?
