3175 5075
645 507 810 559 tractatus
828 506 864 559 Π.
1286 489 1327 553 37

181 671 257 739 tum,
289 663 387 725 tortio
411 662 463 725 die
494 662 725 740 resorreuisse,
755 663 838 728 siout
865 664 1019 728 soribtum
1046 668 1095 729 est
1121 665 1155 729 in
1181 666 1327 753 profetis:

180 767 369 832 sustinete
393 787 448 831 666
464 768 501 832 16
525 768 621 832 diem
643 769 935 833 resurrectionis
959 788 1071 849 meae,
1094 768 1276 832 ascendisse
1290 769 1328 832 io

180 870 294 948 coelos,
311 871 420 935 sectere
435 871 481 934 od
496 871 663 935 deuterum
679 871 732 935 dei
743 872 857 957 patris
874 872 1111 957 omnipotentis,
1132 874 1214 939 sieut
1230 875 1328 958 serip-

178 980 248 1040 tum
277 980 341 1042 est:
373 996 456 1042 eoae
484 978 562 1042 uidi
595 979 719 1042 caelos
753 981 904 1062 apertos
937 981 973 1041 et
1003 978 1130 1042 filium
1152 979 1325 1043 hominis

152 1083 371 1147 5661166166]
396 1083 439 1147 ad
463 1083 654 1147 dexteram
670 1083 742 1163 dei,
767 1080 845 1145 inde
860 1092 1038 1145 meritarum
1053 1092 1083 1145 et
1099 1081 1326 1146 iudicaturum

180 1184 218 1248 de
246 1185 339 1249 ainis
363 1195 392 1249 et
417 1186 565 1263 mortuis,
590 1187 672 1251 siout
696 1185 850 1251 scribtum
877 1189 940 1251 est:
968 1187 1022 1251 sio
1049 1188 1177 1251 ueniet
1204 1206 1326 1270 quem-

179 1292 375 1355 admodum
405 1292 560 1356 uidistis
588 1291 696 1356 illum
724 1295 874 1356 euntem
904 1292 942 1355 in
973 1293 1133 1372 eaelum,
1164 1290 1325 1355 credentes

179 1394 215 1458 in
238 1403 383 1457 sonetum
406 1394 565 1473 eclesiam,
588 1406 737 1459 sonetum
758 1395 926 1481 spiritum,
951 1394 1146 1480 baptismum
1167 1394 1326 1474 solutore,

179 1500 261 1564 siout
289 1500 441 1565 scribtum
468 1504 532 1565 est:
563 1502 637 1566 nisi
664 1502 747 1583 quis
775 1504 931 1565 renatus
958 1501 1075 1565 fuerit
1101 1520 1142 1564 or
1170 1518 1264 1583 aqua
1291 1504 1327 1565 et

138 1631 164 1670 10
178 1605 316 1688 spiritu
338 1609 477 1685 saneto,
498 1624 568 1669 non
585 1602 775 1691 6611666161
791 1606 829 1669 16
844 1624 959 1689 regna
974 1606 1171 1686 saelorum,
1195 1603 1325 1667 eredere-
1348 1614 1388 1670 45

178 1719 222 1772 tes
246 1709 465 1797 remissionem
482 1719 701 1794 peecatorum,
725 1712 808 1775 sieut
835 1710 988 1775 scribtum
1012 1713 1074 1776 ost:
1098 1710 1179 1775 (1166
1206 1709 1324 1792 661116,

177 1814 303 1895 filioli,
327 1816 414 1896 quia
437 1816 685 1879 remittuntur
708 1814 816 1880 uobis
839 1818 994 1899 peecata
1016 1818 1169 1899 propter
1192 1833 1324 1879 nomen

177 1919 267 1999 61116,
291 1917 452 1981 eredentes
476 1918 512 1981 im
536 1918 804 1983 resurrectionem
826 1918 948 1995 cornis,
979 1920 1061 1984 sieut
1085 1919 1238 1984 scribtum
1261 1924 1324 1985 ast:

176 2025 492 2088 resurrectionem
524 2028 647 2089 autem
675 2025 839 2089 futuram
870 2025 983 2088 etiam
1009 2024 1158 2107 Moyses
1187 2025 1324 2088 adnun-

136 2128 465 2195 6511161111061116
493 2129 639 2193 domino
669 2133 744 2213 ‘ego
777 2148 856 2193 sum
884 2130 973 2192 deus
1001 2127 1206 2209 Abraham,
1235 2128 1324 2192 deus

174 2233 269 2314 Isau,
294 2234 382 2297 d'eus
399 2233 534 2309 Iaoob'3
559 2252 629 2298 non
654 2238 710 2299 ost
733 2235 822 2298 deus
846 2237 1085 2314 mortuorum,
1110 2233 1174 2297 sed
1196 2233 1323 2297 uiuen-

176 2338 284 2413 11666
309 2357 434 2403 omnes
459 2340 556 2402 enim
579 2339 639 2403 illi
662 2340 807 2403 uiuunt.

202 2442 314 2507 'Cuius
339 2443 473 2526 symboli
496 2445 555 2508 iter
578 2444 789 2508 custodientes
814 2462 922 2508 omnes
946 2443 1073 2506 hereses
1097 2444 1255 2507 doctrinas
1274 2443 1322 2507 in-

174 2548 287 2612 stituta
309 2550 360 2612 uel
384 2549 545 2633 dogmata,
574 2567 653 2631 quae
677 2549 737 2614 sibi
755 2549 998 2614 altercationem
1020 2549 1243 2633 noningenta,
1267 2548 1322 2612 sed

132 2678 158 2717 so
174 2653 281 2717 studia
302 2654 455 2734 focerunt,
479 2653 632 2718 catholieo
656 2672 708 2718 ore
732 2654 930 2734 damnamus,
953 2650 1218 2739 baptitzantes,
1242 2653 1323 2719 siout

173 2757 327 2822 soribtum
344 2762 401 2839 est,
425 2760 461 2822 in
485 2759 633 2823 nomine
656 2759 776 2842 patris
801 2762 836 2822 et
858 2759 919 2823 fili
943 2762 978 2822 et
1000 2758 1159 2842 spiritus
1184 2758 1320 2832 sanoti3

172 2880 238 2927 non
269 2863 344 2928 dioit
375 2867 481 2928 autem
505 2864 547 2927 ‘in
579 2863 770 2928 nominibus'
793 2867 957 2945 tamquam
988 2863 1022 2926 in
1052 2863 1173 2943 16111116,
1205 2862 1259 2926 sed
1288 2863 1321 2926 in

172 2985 246 3047 uno,
271 2968 344 3049 quia
367 2986 448 3032 unus
473 2968 549 3032 deus
576 2969 660 3033 trina
681 2971 839 3052 potestate
866 2967 1056 3032 uenerabilis
1080 2967 1204 3030 omnia
1227 2969 1262 3030 et
1283 2967 1321 3030 in

173 3071 344 3137 omnibus
369 3069 542 3138 Christis
567 3077 625 3153 est,
649 3075 730 3138 sieut
746 3072 900 3137 scribtum
916 3075 978 3137 est:
1001 3071 1175 3136 Abrahae
1198 3071 1320 3136 diotae

131 3204 158 3244 rs
173 3179 261 3241 sunt
283 3178 595 3261 repromissiones
620 3181 656 3242 et
679 3178 814 3242 semini
837 3178 931 3251 eius;
955 3194 1026 3241 non
1044 3177 1136 3240 dioit
1152 3179 1198 3241 ‘et
1214 3176 1320 3240 semi-

171 3281 292 3346 nibus'
313 3285 502 3365 tamquam
517 3283 555 3346 in
578 3283 720 3363 1661116,
745 3282 809 3346 sed
832 3281 938 3364 quasi
961 3283 999 3346 16
1022 3300 1092 3345 666
1116 3284 1162 3346 ‘et
1185 3281 1319 3346 semini

171 3389 244 3451 tuo'
269 3386 364 3470 quod
388 3390 445 3451 est
461 3386 649 3462 Christum
674 3387 711 3451 do
735 3405 799 3469 qua
819 3407 853 3451 66
876 3387 1007 3470 loquens
1031 3387 1154 3469 profeta
1177 3387 1235 3451 ait:
1258 3386 1319 3450 hio

172 3495 229 3555 est
259 3492 348 3555 deus
377 3495 505 3556 noster
532 3511 598 3557 noo
624 3490 864 3575 reputabitur
892 3492 989 3555 alius
1016 3491 1157 3573 absque
1185 3510 1224 3556 eo
1256 3493 1319 3573 qui

275 3629 426 3697 asophon.
446 3632 469 3694 a,
490 3632 513 3686 6.
594 3599 688 3684 rna.
708 3633 731 3693 r,
752 3633 792 3685 55,
873 3628 971 3684 666.
992 3632 1015 3693 6,
1036 3631 1077 3684 11.
1157 3628 1229 3683 910.
1249 3631 1274 3692 3,
1293 3631 1317 3683 5.

171 3719 203 3772 11
227 3716 249 3770 1.
269 3717 306 3770 10.
326 3719 350 3780 a,
371 3719 411 3773 12.
520 3720 551 3773 14
577 3717 610 3771 6.
629 3717 725 3771 naseu.
745 3719 786 3780 aa,
806 3718 847 3773 31.
867 3719 913 3778 aa
935 3717 998 3770 uuo.
1019 3719 1060 3780 ao,
1080 3718 1127 3779 aa
1149 3716 1229 3770 mou
1248 3718 1273 3780 s,
1293 3719 1317 3771 6.

170 3806 204 3858 ao
222 3804 429 3868 6666616.
492 3806 526 3859 aa
545 3803 694 3868 66616.
765 3806 800 3859 24
819 3803 877 3858 aar.
890 3806 914 3867 a,
930 3807 969 3860 16.
1041 3806 1075 3859 ar
1093 3804 1316 3867 masao-ss.

275 3927 307 3981 21
328 3925 367 3980 cf.
386 3943 411 3995 p.
430 3930 471 3990 39,
491 3929 535 3989 15;
558 3929 601 3991 49,
619 3930 635 3982 2
654 3926 686 3980 al.
711 3927 750 3980 De
768 3926 901 3995 particula
920 3925 1316 3987 εϊί61166166616166Ρ61-

169 4011 335 4066 scillianistis
360 4012 482 4066 consulto
505 4014 603 4066 omissa
626 4030 685 4082 opp.
709 4013 780 4066 infra
807 4014 898 4069 Orosii
921 4016 1164 4082 oorsmooitorium,
1187 4013 1316 4069 62661)

167 4100 222 4163 fin,
243 4103 270 4152 et
288 4116 355 4168 quae
367 4099 502 4154 Luebkert
520 4099 556 4169 (p.
569 4104 602 4156 25
622 4101 671 4169 sq.)
690 4103 717 4154 et
734 4099 916 4154 Mandernaoh
935 4101 970 4170 (p.
985 4101 1028 4168 17)
1046 4101 1160 4154 afferunt
1172 4101 1201 4154 in
1217 4089 1328 4154 libellis

168 4205 184 4240 a
202 4186 282 4240 nobis
300 4187 329 4239 in
347 4187 428 4255 praef.
442 4187 525 4256 cami
542 4187 666 4241 laudatis

222 4347 255 4400 19
275 4301 492 4416 hosticum
572 4347 606 4400 20
627 4327 910 4424 cutbo'trcosoue,
931 4343 963 4397 de
981 4344 1034 4397 litt.
1054 4354 1074 4404 s
1092 4345 1235 4413 parasitica
1252 4346 1315 4400 uide

167 4464 234 4517 quae
252 4449 282 4502 in
299 4447 472 4518 praefationis
491 4465 546 4518 oap.
560 4449 590 4503 ΙΙ
608 4449 722 4502 diximus
