3175 5075
1279 514 1424 577 xm·

253 688 369 752 Totus
393 688 533 753 codicis
557 692 769 768 contextus,
794 690 821 753 si
847 706 943 753 unam
970 690 1126 775 erceperis
1150 690 1352 773 subscriptio-

208 811 281 855 nem
303 795 393 856 tract.
411 793 436 872 I,
461 810 540 873 quae
556 792 705 875 capitales
728 793 859 874 praebet
880 793 1012 873 litteras,
1035 794 1250 857 uncialibus
1273 811 1350 876 quos

208 895 338 958 dicimus
359 895 639 959 characteribus
663 897 771 961 nnius
794 896 944 960 librarii
967 914 1076 960 mann
1098 897 1350 980 pulcherrime

208 1001 382 1063 exaratus
406 1003 456 1063 est
478 1000 644 1079 saecule,
667 1003 704 1063 ut
726 1000 859 1080 uidetur,
883 1001 1012 1082 quinto
1039 1002 1099 1064 ucl
1126 1003 1245 1075 sert03
1275 1020 1350 1064 nam

209 1106 241 1167 et
271 1106 524 1184 correcturae,
559 1122 651 1186 quae
682 1105 822 1169 multae
854 1107 954 1185 sunt,
989 1124 1009 1168 a
1040 1106 1159 1187 primo
1193 1105 1351 1169 librario

209 1208 359 1272 additae
389 1211 475 1272 sunt
505 1212 536 1272 et
566 1208 611 1272 illi
641 1209 715 1288 leci,
746 1210 800 1290 qni
829 1210 1018 1292 scriptura
1052 1210 1154 1293 magis
1189 1210 1286 1273 ardua
1320 1212 1353 1273 et

209 1315 380 1376 coartata
396 1312 503 1393 scripti
519 1315 593 1376 sunt
608 1309 687 1397 ((28,
704 1310 773 1397 24>3
790 1310 844 1393 55,
860 1311 920 1387 23;
943 1312 996 1392 61,
1012 1311 1050 1387 5;
1074 1311 1126 1393 64,
1145 1311 1201 1387 14;
1226 1311 1278 1393 81,
1296 1311 1351 1388 19;

209 1414 262 1496 90,
281 1414 344 1499 14),
361 1433 380 1479 5
395 1416 496 1498 primu
511 1416 637 1480 librario
653 1416 902 1499 proficiscuntur,
926 1418 989 1499 qui,
1010 1435 1082 1480 cum
1097 1420 1223 1499 propter
1245 1417 1353 1481 arche·

210 1520 276 1601 typi
291 1519 477 1583 difficiheres
493 1521 642 1585 lectiones
659 1538 897 1603 nonnumquam
914 1522 1015 1605 spatia
1034 1539 1134 1585 uacua
1150 1525 1182 1586 ct
1196 1540 1234 1584 ea
1255 1522 1352 1585 inter-

210 1622 285 1687 durn
300 1624 394 1687 nimis
411 1627 547 1708 angusta
562 1626 749 1707 reliquisset,
767 1626 842 1689 dum
858 1625 1032 1709 corrigendi
1047 1644 1143 1690 causa
1157 1628 1258 1690 totum
1275 1643 1352 1708 opus

210 1730 366 1808 retractat,
390 1729 541 1811 imposuit
564 1748 643 1811 quae
663 1730 821 1794 emiserat.
859 1730 985 1795 Nullius
1008 1748 1083 1794 uero
1106 1731 1258 1794 momenti
1280 1733 1354 1793 suut

210 1832 322 1915 exigua
344 1850 497 1897 manuum
519 1833 725 1915 posteriorum
748 1834 891 1917 uestigia,
915 1852 994 1916 quae
1017 1834 1197 1898 dubitanter
1219 1834 1354 1898 indicaui

211 1936 249 1999 ad
272 1934 303 2016 3,
320 1935 348 2000 9.
369 1934 426 2012 12;
450 1935 502 2018 25,
518 1936 556 2012 6;
580 1936 632 2017 26,
653 1936 705 2012 11;
729 1935 795 2021 (56,
813 1936 881 2022 27>;
904 1934 1033 2019 59,11;
1058 1935 1112 2018 78,
1128 1935 1179 2001 ab.

255 2038 418 2123 specimen
454 2042 625 2125 scripturae
660 2041 783 2105 exhibui
816 2042 848 2105 in
882 2042 988 2105 libello
1022 2060 1116 2124 supra
1149 2062 1180 2125 p.
1204 2042 1281 2106 VIII
1312 2042 1355 2105 ci-

210 2146 293 2218 tat03
317 2145 576 2229 photographicas
599 2149 705 2210 autem
728 2146 882 2230 imagines
908 2145 1070 2210 transmisi
1093 2147 1251 2210 nonnullis
1279 2148 1354 2209 uiris

210 2248 324 2329 doctis,
359 2250 425 2331 qui,
457 2253 610 2331 quantum
645 2267 681 2312 er
715 2268 778 2314 una
812 2250 862 2313 uel
897 2250 1017 2314 duabus
1050 2250 1174 2333 paginis
1213 2250 1355 2314 concludi

210 2353 321 2434 potnit,
350 2353 395 2416 ita
418 2353 455 2416 de
478 2354 592 2418 codicis
623 2356 727 2417 aetate
757 2353 950 2418 iudicarunt:
995 2354 1031 2418 L.
1055 2354 1174 2417 Delisle
1197 2372 1276 2418 saec.
1298 2354 1353 2433 VI,

209 2455 251 2519 H.
286 2456 398 2539 Hagen
437 2475 516 2521 saec.
548 2458 611 2537 VI,
650 2456 686 2521 G.
724 2458 762 2521 de
797 2458 910 2521 Hartel
948 2476 1028 2521 saec.
1060 2458 1123 2539 VI,
1161 2458 1201 2521 A.
1236 2457 1355 2522 Holder

210 2579 290 2624 saec.
316 2561 355 2641 V,
386 2560 469 2625 Guil.
494 2561 603 2644 Meyer
635 2580 715 2625 saec.
740 2562 875 2643 v-VI,
905 2563 946 2627 H.
972 2562 1088 2627 Omont
1118 2580 1198 2626 saec.
1220 2563 1266 2626 VI
1290 2562 1355 2642 fin,

209 2663 249 2728 A.
273 2664 499 2729 Reifferscheid
530 2683 609 2729 saec.
633 2667 792 2746 VI—-VII,
824 2667 881 2730 Th.
910 2667 948 2730 de
975 2666 1078 2732 Siclrel
1105 2684 1185 2730 saco.
1208 2667 1253 2730 VI
1276 2667 1355 2747 init,

210 2767 296 2832 Gnil.
322 2767 516 2834 Studemnnd
550 2787 630 2834 saec.
658 2770 720 2850 VI,
755 2769 837 2834 Gnil.
865 2771 1078 2835 Wattenbach
1118 2788 1198 2834 5555.
1227 2770 1355 2850 VI—V,

210 2871 244 2936 O.
269 2873 504 2955 Zangemeister
531 2893 555 2937 s.
576 2873 703 2938 VI—V.
750 2873 837 2954 Quae
868 2875 984 2938 iudicia
1017 2875 1272 2939 considerantem
1306 2893 1356 2937 me

210 2977 306 3040 totins
339 2976 452 3042 codicis
483 2980 629 3042 naturam
659 2997 677 3042 a
708 2979 880 3058 sententia,
916 2995 1010 3060 quam
1042 2996 1098 3061 ego
1128 2996 1356 3061 proposueram

211 3081 341 3144 saec.V
372 3083 422 3160 uel
445 3081 491 3145 VI
520 3081 637 3145 librum
667 3081 872 3162 uindicando,
903 3082 1065 3146 deflectere
1096 3100 1159 3146 nen
1192 3083 1355 3165 cogebant.

211 3183 417 3250 Uenustam
441 3187 524 3250 enim
548 3187 689 3250 codicis
712 3189 945 3250 uetustatem
969 3187 1115 3269 cognosci
1130 3190 1205 3269 puto
1221 3187 1271 3250 his
1291 3186 1356 3250 fere

209 3288 320 3353 rebus:
357 3287 389 3373 1)
420 3290 453 3352 in
483 3290 668 3354 inchoandis
699 3290 897 3370 tractatibus
928 3293 1055 3372 excepto
1082 3291 1115 3353 II
1146 3289 1209 3372 (ΙΙΙ
1232 3290 1356 3374 51111),

208 3393 355 3458 librarius
371 3397 476 3459 noster
493 3413 528 3459 co
544 3394 674 3460 artificio
690 3395 737 3459 uti
752 3395 842 3475 solet,
859 3399 894 3457 ut
910 3398 974 3458 tres
990 3412 1100 3458 uersus
1117 3395 1213 3458 minio
1230 3393 1356 3474 scribat,

210 3497 243 3562 id
266 3500 348 3580 qnod
370 3499 403 3563 in
427 3500 495 3564 aliis
519 3517 641 3582 quoque
665 3499 823 3564 codicibus
845 3499 1040 3581 perantiquis
1061 3499 1182 3562 lactum
1205 3517 1274 3562 esse
1298 3498 1358 3562 sci-

210 3621 283 3667 mus
307 3602 359 3686 (cf.
378 3603 600 3685 Wattenbach,
624 3602 867 3668 Schriftwesen²
889 3623 919 3685 p.
937 3600 1002 3666 203
1019 3602 1096 3685 sq.);
1121 3600 1154 3685 2)
1171 3605 1358 3667 ornamenta

210 3709 243 3771 ct
266 3706 389 3772 litterae
415 3708 528 3791 pictae,
559 3708 672 3790 quibus
700 3707 853 3789 posterior
882 3706 1042 3790 gaudebat
1071 3709 1170 3787 aetas,
1201 3724 1358 3789 nusquam

209 3815 373 3893 apparent,
396 3813 458 3876 nisi
480 3812 561 3894 quod
585 3811 836 3895 simplicissimae
859 3812 1000 3894 uirgulae
1024 3814 1056 3874 et
1074 3810 1177 3874 lineae
1193 3810 1226 3874 in
1242 3815 1358 3874 tracta·

210 3919 304 3979 tuum
323 3917 524 3998 potissimum
547 3916 608 3980 fine
632 3915 789 3980 adduntur
812 3913 942 3997 (similia
957 3913 1055 3978 habes
1073 3914 1104 3978 in
1122 3914 1358 3997 euangeliorum

209 4023 288 4084 uett.
313 4019 411 4100 codd,
439 4038 516 4102 qnos
544 4020 662 4104 publici
684 4019 761 4083 iuris
783 4019 926 4082 lecerunt
949 4018 1162 4098 Tischendorl,
1183 4018 1291 4101 Rettig
1307 4019 1358 4098 51,

208 4143 270 4189 555
293 4142 356 4188 555
379 4125 411 4188 in
432 4124 501 4189 Gaii
525 4125 598 4189 edit.
620 4123 889 4190 Studemundiana
903 4143 933 4206 p.
946 4120 1119 4205 187.251);
1143 4121 1178 4205 3)
1201 4122 1358 4204 scriptura

208 4246 308 4310 quam
331 4229 438 4294 dicunt
460 4230 607 4294 continua
638 4248 692 4312 per
719 4231 824 4292 totum
851 4228 989 4292 codicem
1012 4226 1141 4306 obtinet,
1169 4226 1231 4289 uid.
1256 4225 1355 4299 infra3

206 4331 246 4416 4)
270 4333 304 4396 in
328 4333 508 4398 dirimendis
532 4333 692 4397 uocabulis
715 4333 748 4396 in
763 4334 947 4396 uniuersum
970 4332 1123 4394 uetustior
1146 4347 1214 4394 mos
1238 4329 1356 4393 latinus

208 4436 409 4517 obseruator,
433 4438 496 4502 uid.
516 4438 614 4511 infra;
641 4434 677 4520 5)
699 4436 909 4520 interpunctio
932 4435 997 4498 fere
1020 4453 1147 4517 prorsus
1170 4433 1267 4512 deest,
1290 4433 1353 4496 uid.
