3175 5075
1127 115 1570 499 R

1245 519 1322 577 XLV

224 692 271 756 De
299 692 344 756 eis
372 691 529 756 codicibus
557 690 717 756 Uaticanis
746 688 792 772 (et
820 688 1045 773 Sigiramueusi
1073 708 1129 753 seu
1156 688 1326 773 81101ςί-
1386 762 1389 769 ¹
1467 718 1470 723 ·

179 798 271 863 renni
287 796 416 880 codice),
440 796 493 879 qui
515 796 548 859 in
567 794 728 860 ueteribus
750 794 937 859 editionibus
961 796 1172 875 nominantur,
1196 794 1328 858 certiora

179 901 317 984 proferre
338 918 468 982 nequeo,
492 918 564 963 cum
581 900 656 963 uiris
674 899 782 978 doctis,
804 916 881 980 qnos
901 902 937 963 ut
955 899 989 962 in
1007 898 1084 962 bibl.
1100 897 1254 962 Uaticana
1274 916 1326 961 eos

179 1004 276 1068 libros
299 1004 527 1087 inuestigarent
547 1003 695 1083 adieram,
719 1003 798 1067 hacc
820 1004 869 1066 res
891 1020 954 1067 non
978 1003 1055 1066 satis
1078 1002 1267 1083 procederet.
1284 1038 1327 1047 -

179 1109 309 1173 Postero
326 1108 436 1173 editori
453 1108 549 1172 etiam
565 1107 617 1171 ille
634 1126 729 1189 quem
744 1107 887 1171 nominat
901 1108 1172 1187 Moutalalconius,
1188 1104 1219 1169 b.
1236 1105 1267 1169 b.
1284 1105 1327 1185 ΙΙ,

183 1209 262 1274 1291
281 1212 312 1276 A
334 1212 413 1277 liber
429 1213 578 1276 ecclesiae
593 1212 826 1275 Bellouaoeusis
843 1210 1003 1275 adeundus
1019 1212 1088 1291 erit,
1111 1229 1205 1292 quem
1220 1214 1327 1273 tamen

180 1317 214 1380 in
236 1316 460 1381 recentioribus
484 1316 634 1399 catalogis
659 1334 721 1380 non
744 1315 881 1379 inuenio.
1101 1318 1104 1322 ’

225 1421 384 1486 Editiones
407 1438 486 1502 quae
507 1420 633 1502 quidem
656 1420 732 1485 mihi
754 1423 880 1503 praesto
896 1423 985 1483 eraut
1006 1422 1128 1483 ueteres
1152 1438 1224 1483 oum
1246 1418 1328 1482 inter

180 1544 216 1589 se
232 1524 294 1589 nisi
304 1524 398 1589 rebus
411 1524 656 1607 orthographicis
669 1527 701 1589 et
712 1524 963 1607 interpunctione
979 1523 1101 1587 differre
1118 1541 1180 1586 nou
1195 1524 1326 1602 soleant,

179 1647 279 1693 unam
308 1628 480 1711 Augustini
509 1628 785 1692 Benedictinorum
817 1628 987 1691 editionem
1018 1625 1130 1710 (1688)
1162 1652 1203 1683 =
1233 1624 1266 1693 a
1294 1627 1327 1689 in

180 1736 333 1815 apparatu
356 1750 425 1797 meo
450 1732 588 1812 adhibui,
612 1735 775 1796 contentus
800 1732 913 1795 addere
936 1750 973 1794 er
996 1732 1058 1794 alia
1080 1731 1222 1811 editione,
1247 1749 1326 1812 quae

180 1840 304 1919 prostat
324 1837 358 1899 in
377 1835 534 1901 Gallaudii
558 1835 632 1900 bibl.
657 1839 719 1899 uet.
747 1838 828 1918 patr.
852 1834 957 1914 VIIII,
982 1833 1045 1896 174
1075 1834 1199 1917 (Uenet.
1219 1832 1326 1918 1778),

180 1944 291 2005 notam
303 1940 461 2022 quandam
476 1940 508 2004 in
524 1937 557 2005 ih
574 1958 637 2004 non
656 1938 782 2003 obuiam
806 1939 882 2022 (uid.
902 1936 973 2018 155,
996 1936 1035 2000 18
1052 1939 1099 2001 ed.
1116 1939 1229 2022 meae).
1253 1938 1327 2004 Gal·

179 2045 323 2109 laudium
344 2044 472 2127 repetiit
495 2061 576 2108 anno
596 2041 678 2105 1846
695 2043 814 2127 Migne‚
837 2046 917 2126 patr.
934 2044 989 2108 lat.
1004 2046 1080 2107 tom.
1098 2041 1150 2123 31,
1167 2043 1224 2106 col.
1244 2039 1325 2104 1211

180 2146 320 2212 -1215

225 2251 372 2317 Auctoris
407 2269 520 2316 nomen
558 2251 740 2333 simpliciter
774 2252 873 2315 fuisse
905 2249 1064 2331 Orosium,
1097 2269 1162 2314 non
1190 2251 1327 2315 Paulum

181 2355 328 2420 Orosium
360 2355 473 2419 asserit
500 2354 612 2434 Gema,
640 2354 714 2418 hist.
740 2355 814 2418 eccl.
838 2354 928 2437 Hisp.
951 2354 993 2434 ΙΙ,
1020 2353 1050 2435 2,
1077 2374 1108 2436 p.
1124 2352 1203 2428 2573
1231 2373 1326 2435 quam

180 2478 261 2540 rom,
289 2476 361 2522 cum
374 2458 575 2542 ‘praesertim
602 2458 723 2522 codices
755 2459 818 2522 mei
846 2458 993 2542 probent,
1024 2459 1139 2522 uellem
1166 2458 1200 2521 in
1227 2459 1326 2523 titulis

179 2583 211 2646 p.
231 2563 301 2627 149.
318 2561 438 2628 151ed.
456 2581 545 2628 meae
561 2563 796 2638 obscruassem;
821 2563 860 2627 cl.
878 2566 986 2627 tamen
1001 2563 1327 2646 Zangemeisteriame

181 2668 325 2732 editionis
348 2668 456 2732 titulos
481 2671 512 2731 et
534 2671 673 2750 apparat.
698 2667 765 2731 orit.

225 2771 407 2836 Editionum
434 2773 572 2855 priorum
600 2772 738 2855 capitula
764 2771 900 2852 seruaui,
928 2789 1119 2853 quamquam
1146 2771 1180 2834 in
1206 2770 1237 2834 A
1264 2790 1326 2836 uon

180 2876 377 2950 indicantur;
417 2875 514 2939 adieci
544 2876 628 2940 locos
658 2876 826 2957 parallelos
856 2894 893 2938 ex
919 2874 1097 2959 Augrstino
1126 2875 1257 2957 petitos,
1291 2895 1327 2938 er

180 2980 295 3060 quibus
319 2997 398 3061 quae
422 2978 548 3043 Orosius
575 2980 690 3062 raptim
718 2980 944 3062 conscripserat
972 2977 1049 3061 (uid.
1073 2979 1136 3043 ind.
1162 2998 1221 3042 rer.
1246 2998 1271 3042 s.
1295 2998 1326 3043 u.

180 3082 285 3166 Oros)
308 3086 427 3165 quanta
449 3083 633 3146 credulitate
652 3081 850 3167 Augustinus
874 3083 1029 3165 exceperit
1051 3082 1222 3166 apparebit.

224 3395 337 3459 Restat
353 3398 389 3459 ut
404 3396 520 3478 gratias
542 3413 635 3479 agam
652 3395 707 3475 eis,
731 3397 782 3478 qui
799 3396 832 3459 in
847 3396 906 3460 hac
927 3396 1061 3461 editione
1081 3397 1261 3461 adornanda
1275 3416 1327 3461 me

181 3499 380 3563 adiuuerunt.
404 3499 932 3584 EtliberalissimaquidemRegis
945 3501 1128 3564 Bauariae
1140 3492 1327 3566 Summum

180 3603 438 3666 Ministerinm
460 3604 612 3685 permisit,
641 3608 678 3668 ut
700 3607 820 3668 aestate
844 3604 918 3667 anni
943 3602 1026 3665 1886
1049 3625 1104 3688 per
1127 3606 1172 3669 IV
1202 3623 1326 3669 menses

182 3708 362 3772 scholarum
373 3707 475 3772 officio
490 3707 706 3772 habendarum
723 3709 843 3772 solutus
860 3711 963 3772 totum
978 3728 1029 3773 me
1045 3709 1190 3772 dederem
1201 3709 1328 3773 Priscil-

180 3811 293 3874 lianeis
321 3811 446 3886 studiis;
477 3812 565 3876 ouius
591 3815 698 3876 tamen
726 3813 782 3876 otii
809 3829 925 3896 magua
953 3831 1026 3895 pars
1053 3813 1165 3896 illapso
1194 3813 1274 3877 mihi
1294 3814 1328 3876 in

181 3915 330 3979 morbum
360 3917 462 3998 periit.
509 3915 733 3980 Academiae
764 3917 874 3980 deinde
910 3917 1113 3982 Caesareae
1143 3917 1327 3982 Uindobo·

181 4020 304 4083 nensi
341 4017 516 4084 Guilelmus
552 4020 589 4084 de
627 4020 739 4084 Hartel
778 4024 810 4084 et
844 4020 973 4085 Carolus
1012 4020 1147 4086 Schenkl
1184 4025 1326 4086 auctores

181 4124 385 4204 exstiterunt,
419 4127 455 4188 ut
485 4125 517 4188 in
552 4142 659 4188 meum
692 4143 785 4189 usum
815 4127 969 4207 quotquot
998 4143 1074 4208 opus
1105 4130 1173 4190 erat
1206 4127 1327 4190 codices

180 4227 289 4291 biblici
309 4228 532 4293 conferrentur.
561 4229 690 4292 Praeter
710 4248 761 4292 cos
782 4233 888 4293 autem
908 4230 992 4294 uiros
1012 4231 1130 4311 doctos,
1153 4248 1230 4312 quos
1254 4248 1327 4294 oon·

181 4332 385 4397 ferendorum
406 4332 557 4397 librorum
580 4353 694 4397 munus
719 4333 853 4398 subiisse
872 4353 967 4419 supra
989 4335 1022 4398 in
1045 4353 1112 4418 cap.
1135 4335 1185 4399 ΙΠ
1208 4338 1240 4398 et
1261 4334 1328 4399 IIII

182 4436 256 4517 dini,
278 4440 370 4520 grato
391 4438 486 4502 etiam
509 4438 614 4502 animo
637 4438 716 4502 mihi
738 4439 861 4504 colendi
884 4443 958 4504 sunt
981 4440 1156 4504 Dietericus
1178 4440 1328 4519 Kerler,
