3175 5075
260 463 324 528 156
715 482 812 537 nturi
834 481 942 536 Orosii

258 640 340 723 lego,
363 639 578 703 tradidemnt:
608 640 746 722 primum
775 640 881 705 omnia
910 643 1080 722 antequam
1109 641 1195 705 facta
1218 646 1406 725 apparerent

259 763 383 828 semper
413 745 446 807 in
476 744 526 807 dei
556 744 711 827 sapientia
739 744 825 809 facte
847 739 1012 825 mansisse,
1043 746 1181 811 11111111
1208 748 1267 811 hoc
1288 746 1404 811 uerbo:

259 850 346 913 ‘deus
369 849 455 915 enim
477 866 691 930 quaecumque
713 847 799 927 fecit,
821 848 962 914 faciendo
985 868 1048 914 non
1071 852 1198 935 coepit'3
1223 851 1336 915 deinde
1360 851 1405 914 di-

259 958 372 1021 xerunt
393 954 577 1037 angelorum
600 952 833 1036 principatuum
855 956 1047 1037 potestatum
1070 957 1247 1020 animarum
1272 974 1309 1020 ac
1331 956 1405 1019 dae·

260 1080 391 1127 monum
420 1080 519 1126 onum
550 1061 739 1145 principium
770 1065 802 1125 et
831 1079 927 1126 unam
957 1080 1026 1125 esse
1056 1060 1268 1126 substantiam
1291 1065 1324 1125 et
1353 1063 1404 1126 uel
1430 1085 1442 1123 e

260 1165 449 1249 archangelo
465 1166 516 1229 uel
531 1166 656 1230 animae
671 1166 723 1229 uel
746 1164 892 1229 daemoni
914 1165 1017 1229 locum
1040 1184 1096 1248 prc
1119 1166 1304 1229 meritorum
1328 1183 1405 1247 qua

258 1270 348 1335 litate
371 1270 480 1335 datum
503 1289 582 1351 esse,
605 1273 731 1335 utentes
753 1268 814 1334 hoc
836 1268 947 1333 uerbo:
979 1270 1140 1334 ‘maiorem
1170 1270 1274 1334 locum
1301 1270 1404 1333 minor

261 1375 355 1458 culpa
376 1377 568 1457 promeruit'.
601 1374 758 1438 Mundum
781 1375 953 1439 nouissime
976 1374 1045 1438 ideo
1069 1392 1137 1438 esee
1159 1373 1289 1453 factum,
1313 1374 1404 1437 utin

259 1497 296 1542 eo
318 1478 443 1543 animae
465 1481 674 1561 purgarentm
696 1497 776 1560 quae
793 1481 866 1543 ante
881 1482 1065 1561 peccarunt3
1088 1478 1195 1561 ignem
1211 1494 1286 1541 eane
1303 1481 1403 1541 aeter·

260 1603 337 1648 num
360 1602 420 1665 quo
443 1587 623 1665 peccatores
645 1584 816 1666 puniantur
839 1601 938 1665 neque
962 1602 1031 1647 esse
1053 1583 1160 1666 ignem
1175 1600 1287 1646 uerum
1302 1600 1404 1663 neque
1418 1606 1442 1645 rc

260 1692 424 1752 aeternum
446 1688 717 1771 praemenuerant,
740 1686 880 1751 dicemes
906 1687 1023 1751 dietum
1047 1706 1116 1751 esse
1138 1687 1245 1770 ignem
1260 1686 1404 1769 propriae

259 1792 469 1856 conscientiae
498 1792 710 1875 punitionem,
740 1795 904 1856 aeternum
935 1795 1041 1856 autem
1064 1792 1151 1855 iuxta
1180 1791 1404 1874 etymologiam

262 1914 408 1980 graecam
431 1914 494 1960 non
516 1914 586 1959 esse
607 1898 806 1978 perpetuum,
830 1896 926 1961 etiam
946 1896 1045 1960 latino
1067 1896 1247 1960 testimonio
1271 1895 1403 1974 adiecto,

258 2000 332 2082 quia
362 2001 482 2063 dictum
511 2000 553 2063 sit
581 2000 619 2063 in
651 2003 846 2065 aeternum
881 2003 913 2063 et
943 2000 990 2065 ‘in
1024 2000 1215 2064 saeculum
1249 1999 1402 2063 saeculi'

258 2105 470 2187 postposuerit
493 2106 654 2169 ‘aeterno'z
686 2122 724 2169 ac
750 2105 796 2169 sic
819 2123 927 2169 omnes
958 2107 1156 2188 peccatorum
1180 2104 1303 2167 animas
1330 2105 1403 2186 post
1416 2126 1440 2163 15

257 2209 475 2291 purgationem
498 2209 707 2277 conscientiae
730 2210 763 2273 in
786 2210 939 2273 unitatem
962 2209 1099 2291 corporis
1120 2206 1238 2274 Christi
1261 2226 1331 2271 esse
1354 2226 1403 2270 re-

257 2312 386 2376 dituras.
414 2311 591 2378 Uolnerunt
612 2314 707 2378 etiam
730 2314 768 2378 de
791 2314 916 2378 diabolo
940 2312 1092 2395 adserere,
1116 2313 1170 2377 sed
1191 2331 1253 2377 non
1270 2330 1403 2395 praeua-

255 2418 394 2481 luemnt:
419 2434 455 2481 eo
478 2418 570 2499 quod,
594 2434 667 2481 cum
691 2416 869 2482 substantia
891 2418 924 2481 in
947 2436 983 2482 eo
1006 2416 1090 2482 bona
1111 2417 1196 2481 lacta
1217 2416 1319 2499 perire
1339 2433 1402 2479 non

256 2522 367 2605 possit,
398 2524 508 2586 crusta
536 2521 569 2586 in
599 2524 701 2586 totum
723 2521 846 2586 malitia
875 2520 991 2588 diaboli
1021 2520 1184 2603 aliquando
1216 2520 1401 2585 saluandam
1507 2555 1509 2561 ·

256 2645 326 2691 esse
349 2624 571 2690 substantiam.
594 2625 643 2690 De
666 2643 793 2709 corpore
816 2645 891 2692 uero
911 2626 1029 2692 donnini
1045 2627 1090 2690 sio
1105 2626 1301 2690 tradiderunt
1317 2625 1401 2707 quia,
1414 2652 1438 2690 eo

256 2748 329 2793 cum
351 2748 451 2812 usque
481 2730 521 2793 ad
548 2748 606 2794 nos
628 2729 758 2795 ueniens
781 2729 864 2794 filius
893 2730 942 2795 dei
965 2734 1037 2814 post
1059 2733 1106 2794 tot
1131 2730 1220 2794 milia
1246 2747 1401 2794 annorum

255 2834 374 2899 otiosus
389 2852 425 2898 eo
439 2853 538 2917 usque
558 2853 621 2899 non
642 2836 747 2917 fuerit,
770 2836 825 2899 sed
847 2835 1030 2919 praedicans
1045 2834 1264 2899 remissionem
1280 2833 1400 2917 angelis

255 2937 466 3022 potestatibus
483 2943 576 3020 atque
592 2939 748 3004 uniuersis
761 2939 984 3023 superioribus
1001 2957 1073 3003 cum
1085 2938 1270 3020 qualitatem
1281 2937 1400 3000 formae

256 3059 365 3106 eorum
387 3060 465 3123 quos
488 3043 632 3107 uisitaret
647 3043 837 3124 adsumeret,
860 3061 959 3125 usque
976 3043 1014 3106 ad
1029 3042 1281 3126 palpabilitatem
1297 3040 1399 3105 carnis

257 3145 483 3228 adsumptionis
507 3146 610 3228 specie
633 3148 818 3211 crassuisse:
849 3147 908 3210 hoc
938 3147 1081 3231 passione
1113 3150 1145 3210 et
1170 3145 1399 3210 resurrectione
1412 3165 1435 3204 25

255 3250 479 3329 determinans,
501 3266 610 3312 rursus
633 3250 731 3314 donec
753 3269 853 3333 usque
874 3252 913 3316 ad
927 3255 1049 3335 patrem
1065 3251 1189 3314 ueniret
1204 3250 1399 3314 ascendendo

360 3387 393 3442 14
411 3386 455 3439 Ps.
469 3387 494 3450 9,
507 3387 536 3448 63
556 3387 843 3458 10,1ta1.;Aupcet.
863 3394 957 3444 centra
976 3389 1063 3444 Prisc.
1082 3405 1103 3443 c.
1123 3390 1140 3442 5
1158 3405 1212 3456 sqq.

359 3510 377 3563 6
395 3506 429 3562 cf.
442 3506 526 3561 Prisc.
540 3524 597 3561 can.
610 3507 744 3562 LXXXII.
800 3512 816 3565 7
834 3510 949 3580 Augeat.
963 3515 1058 3566 contra
1069 3509 1157 3564 Prisc.
1171 3527 1192 3564 c.
1205 3513 1223 3563 9
1277 3511 1310 3564 19
1330 3506 1398 3562 diab.

255 3594 289 3648 11.
309 3593 374 3648 salu.
393 3611 414 3648 e.
433 3594 530 3663 subet]
555 3594 587 3648 de
609 3595 660 3649 hac
682 3595 807 3666 origenis
829 3596 962 3651 sententia
980 3595 1013 3650 cf.
1032 3612 1052 3650 e.
1070 3611 1096 3663 g.
1115 3596 1230 3666 August.
1249 3596 1282 3650 11
1299 3597 1397 3650 baares

255 3699 276 3738 c.
290 3685 338 3749 43;
356 3681 558 3736 Praedestinett
577 3682 609 3736 de
626 3683 698 3738 boor.
718 3682 763 3737 lio.
782 3683 842 3748 I,e.
855 3687 896 3736 43.
966 3682 1001 3737 24
1020 3680 1052 3736 cf.
1076 3682 1196 3749 Orosius,
1214 3682 1278 3736 adu.
1295 3697 1397 3750 papum

255 3770 342 3835 57,11
362 3766 498 3836 zoegam:
517 3766 663 3836 (tenebrae)
681 3767 858 3822 crassitudine
875 3767 1029 3837 palpabiles.

300 3886 455 3956 lprimum
477 3887 598 3940 omnium
621 3889 649 3942 Β
718 3888 830 3957 3cepit
852 3890 888 3955 A,
911 3890 983 3960 cepit
1005 3891 1033 3946 Β
1102 3891 1351 3960 tpromeritorum
1372 3889 1398 3943 B

254 3977 340 4043 8pro
357 3973 417 4027 ideo
431 3991 492 4043 poe.
511 3975 620 4028 omnino
638 3977 666 4029 Β
727 3977 744 4028 9
762 3979 942 4043 peccauerunt
960 3975 1014 4033 Bm
1082 3982 1113 4033 10
1132 3993 1216 4044 neque
1234 3977 1325 4044 ignem
1344 3992 1398 4030 esee

254 4075 339 4129 neque
358 4062 407 4114 aet.
427 4061 488 4129 (om.
507 4061 613 4129 uerum)
630 4062 658 4115 Β
720 4064 751 4117 11
772 4061 875 4116 dictum
894 4065 925 4118 ta
942 4083 995 4120 rue.
1010 4068 1110 4118 ascai
1130 4064 1158 4117 B
1212 4067 1245 4119 12
1263 4061 1396 4116 aethimcl.

254 4146 290 4213 A,
309 4145 428 4217 ethimol.
448 4148 476 4201 Β
529 4150 562 4203 14
581 4147 683 4202 dictum
701 4157 716 4203 1
734 4149 776 4218 (=
797 4151 847 4218 est)
866 4151 894 4203 B
951 4152 986 4207 20
1004 4151 1071 4219 cese]
1091 4149 1313 4219 eflsupraadp.
1327 4152 1396 4215 42,1

254 4233 288 4286 22
306 4232 409 4286 ociosus
426 4235 482 4288 AB
526 4236 855 4303 24assumeretetusque
868 4235 902 4288 ad
916 4236 944 4289 Β
990 4239 1023 4292 25
1037 4235 1160 4304 speticB
1208 4235 1352 4289 messuisse
1363 4235 1397 4300 A,

253 4319 408 4374 transiuisse
426 4318 490 4388 Bu,
509 4320 581 4376 ‘edit
600 4323 775 4378 Amcrtacbe'i
793 4329 818 4377 et
836 4323 951 4378 Eraama'
973 4323 1058 4392 specie
1081 4322 1194 4376 crassius
1217 4338 1244 4375 se
1266 4322 1317 4375 hac
1339 4336 1397 4390 pas-

253 4405 326 4462 sione
344 4405 391 4462 &c'
410 4406 425 4465 b
495 4409 530 4465 26
547 4407 698 4478 ascend0(!)
716 4410 752 4478 A,
771 4409 939 4465 ascendendo
957 4411 992 4476 Β,
1012 4409 1196 4464 adscendende
1214 4407 1241 4468 D
