3175 5075
284 502 327 567 52
747 519 957 573 nasoniano

283 683 353 743 tum
375 681 436 742 est:
467 696 572 743 nemo
604 678 700 742 enim
731 678 823 741 dicit
844 677 881 741 in
912 676 1049 759 spiritu
1072 678 1201 739 sancto
1227 674 1427 738 anathema

282 783 368 846 Iesu
391 786 426 847 ct
448 800 553 847 nemo
577 782 651 846 nisi
672 782 710 846 in
734 782 869 865 spiritu
893 784 1021 845 sancto
1043 780 1212 862 loquitur
1237 779 1426 841 dominum

282 887 414 951 Iesum.
438 887 580 968 Denique
603 887 635 950 in
659 886 793 967 antiquis
816 886 968 950 librorum
992 883 1205 949 monumentis
1229 901 1300 946 cum
1328 886 1426 946 testa-

282 994 426 1056 mentum
457 990 682 1056 scribturarum
712 991 854 1055 diabolus
883 990 1046 1069 inuideret,
1076 988 1276 1052 Hierusalem
1302 984 1423 1071 capta!

263 1076 400 1178 [polluto
431 1097 540 1159 altario
571 1096 688 1160 domini
717 1095 828 1159 distrui
858 1095 1013 1177 templum
1043 1094 1118 1158 satis
1149 1110 1212 1155 non
1243 1093 1317 1165 fuit3
1349 1107 1450 1154 nam⁵

282 1201 355 1282 quia
377 1200 468 1263 facile
491 1203 566 1280 erat,
589 1202 625 1264 ut
647 1218 725 1281 quae
749 1200 931 1263 manufacta
953 1201 1041 1262 erant
1063 1197 1096 1261 in
1119 1198 1307 1261 manufactis
1329 1197 1423 1259 horno

281 1304 432 1384 redderet,
457 1322 528 1368 arca
549 1305 676 1368 incensa
699 1307 747 1368 est
769 1305 959 1384 testamenti,
984 1304 1101 1367 sciente
1125 1302 1248 1366 diabolo
1270 1301 1354 1383 quod
1376 1301 1424 1364 fa-

282 1407 340 1471 ede
370 1412 482 1473 natura
512 1409 677 1473 hominurn
707 1408 846 1492 obligata
875 1409 999 1473 saeculo
1029 1407 1123 1471 fidem
1150 1406 1303 1490 perderet,
1335 1406 1361 1469 si
1385 1405 1424 1467 ad

281 1513 543 1594 praedicationem
567 1513 662 1577 diuini
685 1513 821 1577 nominis
844 1513 1068 1577 scribturarum
1091 1511 1270 1575 testimonia
1288 1528 1352 1574 non
1367 1510 1425 1572 ha-

280 1617 377 1681 beret.
412 1616 472 1681 Sed
489 1618 625 1701 argutior
646 1618 741 1681 diuini
765 1618 903 1699 mysterii
925 1621 1038 1681 natura
1060 1634 1155 1697 quam
1178 1614 1308 1695 diaboli,
1331 1632 1422 1695 quae,
1437 1630 1462 1667 1⁰

281 1724 315 1785 ot
341 1722 414 1803 quid
437 1722 513 1785 deus
536 1722 568 1784 in
596 1722 721 1786 homine
747 1725 855 1803 posset
878 1721 1064 1802 ostenderet,
1092 1720 1246 1784 reseruari
1264 1719 1422 1783 Hesdram

279 1827 378 1890 uoluit
404 1826 458 1907 qui
488 1827 542 1889 illa
568 1844 648 1907 quae
677 1826 802 1890 fuerant
830 1826 959 1890 incensa
980 1825 1147 1889 resoribsit.
1187 1823 1272 1904 Quae
1295 1825 1322 1887 si
1348 1842 1421 1887 uere

278 1930 405 1994 incense
435 1934 465 1994 et
495 1950 568 1995 uera
595 1931 750 1995 credimus
773 1930 870 1994 fuisse
892 1930 1051 2011 rescribta,
1083 1931 1227 2011 quamuis
1258 1930 1420 1992 incensum

216 2044 255 2097 68
280 2032 514 2118 testamentum
528 2036 652 2118 legatur
666 2036 699 2098 in
715 2054 843 2125 canone,
859 2036 1046 2117 rescriptum
1061 2034 1100 2098 ab
1116 2034 1241 2098 Hesdra
1255 2035 1286 2097 in
1302 2052 1420 2097 canone

278 2156 340 2201 non
363 2139 487 2222 legitur,
510 2142 627 2220 tamen,
650 2141 723 2221 qnia
742 2143 814 2223 post
830 2140 993 2203 incensum
1009 2141 1234 2203 testamentum
1250 2138 1338 2202 reddi
1358 2152 1459 2201 ncn1⁵

278 2242 379 2324 potuit
401 2244 461 2307 nisi
488 2242 600 2307 fuisset
623 2244 785 2325 scribtum,
808 2248 891 2308 recte
913 2244 959 2307 illi
980 2243 1060 2308 libro
1090 2244 1184 2308 fidem
1214 2244 1336 2323 damus,
1367 2244 1420 2324 qui

277 2346 401 2411 Hesdra
420 2350 545 2413 auctore
560 2349 710 2430 prolatae,
735 2349 792 2413 etsi
807 2349 841 2412 in
856 2366 974 2413 canone
990 2366 1053 2417 non
1068 2348 1204 2432 ponitur,
1227 2348 1267 2411 ad
1283 2348 1419 2431 elogium

276 2452 388 2516 redditi
411 2452 507 2516 diuini
529 2454 710 2517 testamenti
732 2453 827 2537 digna
848 2472 955 2517 rerum
978 2454 1176 2517 ueneratione
1198 2454 1364 2527 retinetur3
1386 2453 1418 2515 in

277 2575 337 2639 quo
360 2560 466 2622 tamon
488 2559 623 2642 legimus
648 2559 798 2640 scriptum
821 2558 966 2642 spiritum
981 2562 1126 2623 sanctum
1141 2559 1180 2622 ab
1200 2558 1287 2622 initio
1303 2558 1418 2621 sacculi

277 2665 308 2725 et
329 2663 491 2727 hominum
515 2667 675 2728 99191991
697 2667 787 2748 gesta
809 2665 996 2728 retinentem
1019 2682 1071 2728 cor
1094 2664 1183 2728 electi
1211 2663 1417 2727 1199191919-
1430 2675 1457 2712 ²⁰

275 2769 375 2830 trasse
398 2770 438 2848 99,
462 2767 545 2849 quod
566 2768 618 2831 uir
641 2768 679 2831 ad
702 2769 875 2832 humanam
897 2769 1083 2833 memoriam
1105 2767 1218 2832 scritti
1227 2769 1329 2832 forma
1343 2767 1416 2830 reti-

274 2874 371 2951 99199,
388 2872 494 2935 ordine
510 2889 639 2937 numero
656 2873 775 2937 ratione
790 2873 931 2956 repetita,
948 2891 1021 2937 cum
1035 2892 1100 2956 per
1119 2870 1124 2957 Ι
1145 2873 1239 2937 diem
1258 2874 1416 2953 loquens

248 3035 249 3038 ,
275 2978 310 3038 99
334 2979 439 3041 99999
460 2995 531 3040 999
547 2979 677 3040 999999
693 2977 851 3058 9911119199,
868 2979 973 3041 omnia
987 2995 1067 3059 qnae
1082 2980 1173 3061 gesta
1187 2977 1333 3040 uidentur
1348 2994 1416 3039 9999

218 3133 219 3136 ,
274 3080 325 3143 991
347 3081 481 3163 legimus
503 3081 619 3146 scribta
641 3082 681 3145 ad
703 3083 876 3146 humanam
896 3083 1079 3147 memoriam
1095 3081 1278 3146 condidisse.
1303 3081 1340 3144 Ι9
1356 3098 1416 3161 quo

272 3183 351 3247 libet
367 3186 553 3249 exclamare:
571 3187 633 3250 9991
649 3187 756 3250 liceat!
773 3187 916 3269 qualiter,
939 3204 1024 3270 rogo,
1040 3204 1140 3269 pauca
1155 3205 1192 3249 911
1207 3186 1256 3249 his
1275 3186 1416 3268 legentes
1430 3205 1454 3243 sa

379 3324 392 3376 1
416 3321 438 3376 Ι.
457 3320 515 3376 Cor.
536 3323 575 3386 12,
594 3325 618 3378 3.
709 3325 740 3378 13
763 3337 801 3392 sq.
826 3322 860 3376 91.
878 3322 924 3376 IV.
942 3323 1006 3392 Reg.
1024 3325 1066 3388 25,
1084 3325 1113 3386 93
1130 3323 1177 3377 IV.
1194 3322 1256 3376 Esd.
1276 3325 1316 3386 14,
1329 3325 1362 3378 21

272 3407 306 3460 ad
319 3425 343 3462 u.
360 3410 461 3464 14-24
473 3409 527 3463 uid.
543 3410 588 3463 IV.
602 3409 663 3463 Esd.
676 3411 736 3478 (tib.
749 3412 910 3482 apocryph.)
927 3427 949 3465 c.
963 3413 995 3466 14
1013 3410 1146 3480 (inprimis
1159 3429 1184 3464 u.
1198 3413 1239 3466 22.
1253 3412 1295 3467 25.
1307 3414 1350 3466 40.
1362 3411 1416 3479 43.)

271 3497 304 3550 22
323 3494 356 3548 cf.
370 3495 417 3550 IV.
430 3495 492 3550 Esd.
507 3499 548 3560 14,
561 3499 607 3560 43;
625 3497 668 3550 Ρ9.
682 3500 723 3560 21,
737 3499 761 3552 3.

376 3618 406 3671 11
427 3617 460 3672 ci.
478 3618 548 3672 inter
572 3617 637 3671 alios
661 3619 779 3687 Tecmo,
802 3620 835 3674 dc
858 3621 933 3674 911199
953 3622 1015 3688 faor.
1033 3622 1058 3688 1,
1075 3638 1097 3676 c.
1114 3626 1132 3675 3
1153 3620 1196 3689 (=
1215 3620 1237 3684 I,
1255 3637 1280 3689 p.
1300 3624 1350 3676 705
1372 3621 1413 3674 cd.

271 3700 388 3771 Ochlcr):
408 3720 485 3757 omne
503 3704 713 3759 instmmentum
726 3706 850 3759 Iudaicae
867 3705 1034 3760 litteraturae
1054 3723 1102 3776 por
1119 3706 1233 3760 Esdram
1251 3710 1414 3761 999999919-

270 3791 433 3853 stauratum,
451 3792 620 3861 Hieroaym,
639 3793 672 3847 dc
686 3809 763 3862 perp.
782 3795 853 3863 airy.
874 3795 897 3848 t.
916 3794 957 3848 M.
976 3811 997 3849 9.
1017 3798 1042 3862 7,
1060 3796 1088 3846 99
1105 3800 1201 3849 contra
1217 3795 1414 3864 [1999999197

269 3875 425 3943 (11139923,
445 3877 493 3931 col.
508 3881 558 3933 190
576 3880 603 3931 et
621 3879 758 3948 991.344);
776 3880 855 3949 Ista,
867 3882 935 3950 orio.
953 3882 984 3950 V,
996 3884 1039 3950 39,
1050 3884 1099 3947 20,·
1121 3882 1169 3949 VI,
1181 3886 1206 3949 3,
1217 3885 1243 3936 2.
1297 3883 1331 3936 25
1344 3883 1412 3938 Boc·

270 3965 351 4033 tha'as,
370 3965 402 4020 dc
420 3967 570 4036 9999991111.
584 3983 610 4035 p.
626 3969 665 4031 16,
681 3969 731 4022 160
749 3967 789 4022 ed.
809 3968 895 4037 Peip.:
914 3969 1010 4036 Itaque
1026 3967 1094 4022 libet
1111 3968 1264 4023 exclamare.

312 4087 329 4139 4
349 4075 614 4156 trecassium.
628 4106 653 4159 p.
667 4091 1033 4156 5,o;2o,1a;25‚1aaoa‚
1047 4090 1081 4146 ar.
1153 4094 1183 4146 11
1199 4081 1413 4160 9919991999]

269 4242 469 4298 coniunctinum
481 4246 565 4314 posui,
578 4246 625 4300 sed
638 4246 671 4300 cf.
682 4263 763 4316 snpra
774 4249 816 4312 36,
830 4251 857 4312 l;
872 4250 939 4312 421
1013 4251 1046 4304 12
1061 4205 1240 4308 descernit*
1332 4253 1363 4306 15
1380 4241 1410 4308 [e

268 4347 378 4418 carna]
394 4349 431 4402 ita
452 4349 516 4414 cod,
537 4349 569 4404 cf.
583 4367 608 4420 p.
623 4353 664 4412 aa
680 4354 712 4407 18
731 4351 764 4406 al.
826 4356 860 4408 ao
879 4342 1056 4413 9191911999
1126 4357 1158 4411 21
1180 4337 1323 4437 foama']
1339 4353 1410 4407 nolui

267 4451 296 4506 in
314 4454 495 4507 accusationum
513 4456 617 4508 mutare
