3175 5075
287 478 330 543 54
751 494 964 549 rrrsarunnr

288 654 506 718 habitaculum
530 654 666 737 corporis
689 654 830 737 patuisse
853 658 919 717 tam
948 653 1064 718 sterilis
1096 654 1277 716 aestimator
1306 658 1366 731 est,
1396 655 1431 714 ut

288 762 379 842 putet
402 775 464 822 non
488 759 520 822 in
544 776 669 823 omnem
694 762 811 823 terram
834 759 935 840 adque
958 759 992 823 in
1013 777 1141 823 omnem
1155 758 1317 821 hominem
1332 756 1431 820 diuini

289 882 400 927 sensus
417 866 538 927 secreta
553 864 717 943 clamasse,
733 882 806 927 cum
822 863 977 927 scribtum
993 863 1049 927 sit:
1069 862 1190 927 omnis
1204 863 1335 946 lingua
1349 879 1431 924 con-

290 969 448 1033 fiteatur
468 968 643 1049 quoniam
662 968 835 1032 dominus
852 968 960 1032 Iesus
976 969 1014 1032 in
1032 968 1192 1053 gloriam
1213 967 1271 1030 dei
1289 966 1431 1049 patris?

332 1073 373 1136 Et
406 1073 486 1152 ideo,
517 1072 649 1154 quilibet
679 1073 732 1137 ille
763 1074 806 1137 sit
835 1074 888 1155 qui
918 1074 996 1137 haee
1031 1076 1135 1158 neget,
1167 1090 1224 1156 ego
1254 1075 1338 1135 certe
1369 1071 1469 1134 scios

288 1177 371 1260 quod
406 1176 472 1241 eius
508 1176 664 1261 pharisaei
701 1178 831 1260 recipiet
864 1178 1041 1242 mercedem
1075 1177 1130 1259 qui
1163 1176 1349 1241 adueniente
1379 1174 1433 1238 do-

290 1283 386 1362 mine,
418 1301 491 1346 cum
521 1282 641 1346 omnis
674 1282 785 1347 turba
816 1302 889 1347 cum
919 1282 1072 1367 apostolis
1101 1282 1209 1346 iuncta
1238 1281 1432 1345 clamaret:

290 1391 456 1467 osanna,
479 1404 621 1451 osanna
643 1387 680 1451 in
704 1387 836 1467 caelis,
859 1386 1082 1451 benedictus
1106 1387 1170 1468 qui
1192 1385 1298 1449 uenit
1319 1385 1358 1449 in
1374 1402 1434 1447 no-

290 1491 388 1555 mine
415 1491 575 1571 domini',
599 1491 739 1575 corripi
763 1495 934 1575 oportere
958 1510 1019 1556 eos
1046 1491 1141 1555 dixit
1172 1491 1226 1573 qui
1253 1493 1319 1554 tam
1341 1489 1434 1553 indu-

290 1596 427 1659 bitanter
450 1596 624 1678 praesentis
649 1595 697 1659 dei
718 1593 722 1679 Ι
742 1596 859 1680 glorias
883 1614 946 1661 non
969 1594 1126 1660 tacebant.
1165 1594 1226 1659 Sed
1252 1594 1358 1657 uideat
1380 1594 1435 1674 qui
1449 1619 1472 1657 ιο

290 1700 469 1763 huiusmodi
504 1704 552 1763 est
587 1700 701 1764 dixisse
733 1702 911 1765 dominum:
949 1700 1102 1765 etiamsi
1133 1700 1200 1764 isti
1234 1699 1434 1777 tacuerint,

291 1805 434 1886 lapides
458 1804 688 1885 clamabunt,
713 1809 745 1869 et
767 1806 933 1890 intellegat
958 1806 1118 1887 quoniam,
1141 1805 1170 1869 si
1193 1803 1310 1868 duritia
1331 1806 1435 1886 petra-

290 1928 361 1973 rum
392 1910 577 1973 naturaliter
607 1914 808 1993 praemortua
835 1911 874 1973 ad
905 1911 1043 1974 dandum
1073 1909 1293 1974 testimonium
1322 1908 1379 1971 deo
1401 1908 1436 1970 in

292 2032 384 2076 usum
408 2013 539 2078 humani
563 2016 716 2079 sermonis
741 2016 910 2095 animatur,
938 2015 1093 2097 quomodo
1118 2017 1299 2078 sanctorum
1326 2011 1436 2095 lingua

291 2118 501 2200 praecluditur
530 2136 611 2201 quae
639 2120 678 2183 ad
701 2119 914 2183 confitendum
937 2122 970 2183 et
992 2124 1103 2202 suapte
1131 2123 1244 2183 natura
1269 2120 1302 2181 et
1328 2117 1436 2180 diuina
1449 2141 1472 2178 ιδ

291 2222 393 2305 gratia
409 2227 615 2307 perurgetur?
638 2221 670 2288 Si
691 2224 775 2288 enim
798 2225 933 2308 gentiles
957 2224 1081 2288 animae
1103 2224 1256 2288 idolorum
1279 2222 1389 2286 formis
1405 2224 1437 2284 et

292 2326 490 2391 caerimoniis
512 2328 670 2410 inpeditae
694 2329 802 2393 auium
818 2333 980 2412 praepetes
996 2329 1147 2393 transitus
1164 2331 1196 2391 et
1215 2328 1319 2391 dedita
1333 2326 1435 2390 uentis

292 2431 405 2495 itinera
431 2432 600 2514 pinnarum
628 2433 717 2497 uelut
740 2434 778 2497 ad
809 2434 1051 2516 praescientiam
1073 2433 1172 2497 futuri
1197 2434 1368 2514 prouentus
1390 2431 1435 2494 lo-

232 2541 266 2594 71
294 2539 432 2619 quuntm
460 2540 492 2600 et
522 2540 663 2601 exterum
693 2556 791 2602 uenas
816 2539 1008 2604 animatione
1031 2535 1155 2622 tertiani
1179 2537 1306 2620 spiritns
1337 2535 1436 2618 palpi-

294 2645 407 2721 tantes,
431 2641 507 2704 dum
522 2641 617 2706 fidem
633 2642 839 2707 daemonibus
863 2644 949 2722 dant,
973 2644 1125 2707 moritura
1146 2646 1218 2726 post
1239 2629 1436 2705 momentum
1451 2674 1474 2710 20

295 2745 480 2810 animalium
508 2746 630 2810 uiscera
658 2747 765 2812 futura
794 2748 1016 2830 praenuntiare
1044 2747 1233 2811 confirmant
1256 2749 1287 2810 et
1310 2746 1348 2809 de
1370 2745 1437 2807 uita

294 2853 433 2914 mortuos
460 2855 573 2934 rogant
601 2852 770 2916 dicentes
798 2852 918 2934 lapidi
949 2854 1079 2936 ‘surge'
1102 2855 1138 2914 et
1160 2852 1264 2934 ligno
1288 2849 1435 2932 'uigila'

294 2957 400 3036 sicque
424 2955 624 3039 sacrilegium
648 2956 687 3020 ab
718 2957 768 3021 his
793 2957 933 3021 studium
964 2957 1087 3036 dicitur,
1110 2955 1257 3037 inperitia
1284 2953 1438 3036 sapientia

295 3064 494 3144 nuncupatur
524 3061 739 3126 nescientibus
772 3061 823 3125 his
853 3079 925 3126 nou
956 3062 1021 3126 deo
1053 3081 1091 3126 se
1122 3060 1343 3124 sacrificare
1376 3058 1437 3121 sed

295 3165 480 3229 daemoni:
504 3165 537 3229 in
560 3183 621 3246 quo
646 3166 673 3228 si
696 3165 812 3230 talibus
836 3167 919 3250 apud
942 3185 976 3230 se
997 3167 1099 3250 gloria
1121 3170 1180 3246 est,
1203 3165 1358 3247 quomodo
1381 3180 1436 3225 nos
1450 3193 1474 3231 es

295 3269 418 3334 diuinas
450 3273 631 3334 sanctorum
660 3271 840 3353 respuimus
870 3271 1095 3354 profetationes
1127 3273 1168 3349 et,
1204 3270 1279 3333 dum
1315 3267 1439 3331 oboedi-

296 3392 366 3438 mus
397 3373 614 3438 uoluntatibus
645 3375 771 3455 nostris,
804 3375 853 3438 his
885 3376 938 3456 qui
971 3375 1065 3438 deum
1098 3373 1325 3457 profetauerint
1358 3371 1440 3435 inui-

296 3478 406 3541 demus
422 3478 635 3559 relinquentes
653 3480 824 3561 apostolica
839 3483 1007 3562 praecepta
1026 3479 1177 3542 dicentia:
1201 3477 1365 3560 spiritus
1381 3494 1439 3540 no-

296 3582 364 3647 lite
380 3583 611 3666 extinguere,
626 3580 827 3668 lproietias
843 3584 963 3648 nolite
979 3583 1201 3667 repudiare?
1216 3582 1258 3645 Ilt
1272 3581 1352 3661 ideo,
1369 3581 1440 3662 quia

402 3797 543 3868 3Philipp.
554 3801 577 3864 2,
589 3802 629 3854 11.
685 3802 699 3853 7
710 3798 743 3853 cf.
751 3799 815 3853 Luc.
822 3802 985 3864 rear-393
995 3799 1170 3865 Mathoae.
1226 3800 1256 3854 11
1271 3796 1336 3851 Luc.
1348 3799 1388 3861 19,
1397 3798 1438 3850 40.

298 3888 332 3941 22
350 3885 489 3950 Habeat,
504 3889 544 3941 19.
616 3888 650 3941 24
669 3885 703 3940 cf.
717 3886 738 3940 I.
754 3886 813 3941 Cor.
829 3890 869 3952 10,
883 3889 925 3944 20.
995 3890 1030 3943 28
1048 3887 1069 3940 Ι.
1085 3886 1175 3940 Thess.
1190 3887 1214 3950 5,
1229 3887 1270 3940 19.
1282 3887 1326 3939 20.

343 4090 356 4143 1
376 4074 678 4171 pAtUlSSe'etlAm,
700 4098 719 4146 e
736 4087 808 4142 linea
820 4090 847 4142 et
858 4089 966 4158 puncto,
988 4099 995 4146 1
1015 4087 1044 4141 in
1065 4097 1140 4147 tam
1158 4085 1237 4139 lineis
1250 4080 1301 4139 del.
1368 4093 1440 4173 Splfi

297 4254 401 4351 imis
474 4200 765 4343 willltlljlitlxlotxtl,
786 4271 883 4344 quae
901 4260 1048 4316 lineisdel.
1128 4217 1265 4343 equid,
1290 4269 1304 4318 1
1325 4259 1373 4313 lin.
1392 4258 1438 4312 del.

302 4421 335 4474 lo
356 4407 516 4478 υΙδθΑΝῖ
587 4421 619 4473 15
638 4373 803 4501 SURptae
873 4421 908 4473 23
926 4418 1060 4501 Sitque]
1073 4417 1148 4472 nolui
1165 4420 1270 4472 mutare
1288 4417 1318 4471 in
1336 4425 1439 4501 sique

1561 4570 1563 4713 l
