3175 5075
268 534 311 598 36
732 551 943 605 Priscorum

268 727 373 773 amore
400 711 599 791 damnentur,
627 729 685 773 nec
710 709 877 792 prohibere
905 710 1029 799 siquis
1057 710 1245 792 contemptis
1273 709 1413 792 parenti·
1568 745 1569 788 ,

231 806 234 813 ’
267 812 327 877 bus
350 814 457 879 liberis
474 814 678 879 facultatibus
702 814 857 897 dignitate
881 818 913 878 et
928 814 1030 878 adhuc
1054 816 1085 877 et
1102 813 1209 877 anima
1224 832 1281 876 sua
1296 813 1390 876 deum
1409 813 1411 894 ξ

267 918 426 983 malluerit
460 937 564 983 amare
599 937 694 1002 quam
732 920 910 999 saeculum,
945 938 1003 983 nec
1036 937 1125 1002 spem
1159 918 1268 982 ueniae
1302 918 1412 981 tollere

266 1022 327 1103 his,
356 1024 419 1105 qui,
450 1023 477 1087 si
504 1042 646 1105 eaquae
674 1023 776 1107 prima
803 1027 878 1087 sunt
899 1041 962 1087 non
985 1026 1134 1104 quaeunt,
1162 1022 1213 1086 uel
1240 1022 1273 1086 in
1299 1022 1411 1085 mediis

266 1128 431 1209 tertiisque
459 1128 653 1209 consistunt,
685 1128 834 1211 quoniam
863 1128 996 1191 multis
1027 1126 1288 1192 mansionibus
1316 1126 1438 1209 apuds

267 1233 374 1295 deum
396 1235 541 1315 patrem
563 1233 717 1317 positis,
746 1234 772 1297 si
794 1233 873 1297 fides
897 1232 1032 1316 symboli
1054 1233 1234 1315 incorrupta
1256 1235 1410 1311 teneatur,

267 1338 367 1401 teneri
383 1336 495 1402 debere
518 1338 712 1421 propositam
728 1337 818 1401 nobis
842 1338 875 1401 in
890 1337 1015 1403 Christo
1039 1356 1138 1420 spem,
1162 1336 1287 1402 etiamsi
1311 1336 1410 1400 adin-

265 1442 396 1524 plendi
418 1443 578 1525 perfecti
601 1442 728 1526 operis
745 1460 816 1506 non
833 1442 997 1506 habeant
1020 1442 1255 1522 facultatem,
1279 1460 1411 1522 sequen-

266 1548 314 1610 tes
331 1547 508 1629 apostolum
523 1548 670 1627 Paulum,
694 1547 747 1629 qui
764 1547 852 1611 aliis
873 1547 1077 1611 secundum
1097 1547 1295 1630 imperium
1310 1564 1411 1629 prae-

266 1650 405 1733 cipere,
433 1652 528 1717 alios
556 1652 759 1716 secundum
787 1651 937 1715 ueniam
965 1653 1177 1731 admonere,
1206 1651 1301 1715 alios
1330 1651 1451 1715 sinen

266 1756 496 1821 auctoritate
526 1756 719 1839 praecepti
750 1757 911 1820 consilio
940 1756 1144 1821 informare
1179 1775 1213 1820 se
1247 1756 1335 1836 dixit,
1370 1758 1411 1819 ut

265 1877 392 1924 omnes
419 1860 664 1925 lucrifaceret
691 1861 746 1943 qui
774 1862 813 1924 ad
834 1860 951 1926 Christi
974 1861 1069 1925 fidem
1089 1861 1214 1925 diuersa
1236 1860 1410 1924 misericor·
1568 1911 1569 1956 ἒ

200 1971 240 2027 44
265 1964 334 2028 diac
357 1965 521 2029 uocationc
541 1962 550 2051 11
566 1966 737 2029 uenissent.
770 1964 881 2030 Fidem
904 1984 979 2030 uero
1002 1966 1085 2029 sicut
1107 1965 1296 2049 accepimus,
1320 1965 1411 2029 itaet

264 2071 407 2133 tenemus
424 2073 456 2134 et
471 2070 635 2151 tradimus
652 2071 814 2135 credentes
829 2091 932 2132 unam
955 2069 1049 2133 deam
1066 2078 1196 2154 patrem
1218 2068 1410 2154 omnipoten-

264 2182 335 2250 tem,
359 2174 441 2239 sicut
464 2173 618 2239 scribtum
641 2178 703 2239 est:
732 2194 772 2239 ex
796 2194 866 2257 quo
889 2176 1014 2239 omnia
1040 2178 1076 2238 et
1098 2194 1163 2239 nos
1190 2195 1254 2258 per
1276 2174 1409 2257 ipsum,
1423 2197 1449 2236 15

264 2287 293 2340 et
315 2299 418 2340 anum
442 2276 606 2341 dominum
628 2278 734 2341 Iesum
760 2276 939 2356 Christum,
968 2281 1049 2344 sicut
1077 2279 1229 2343 scribtum
1256 2282 1319 2344 est:
1347 2298 1410 2362 per

264 2402 371 2465 quem
395 2384 518 2448 omnia
545 2388 581 2449 et
603 2403 668 2449 nos
691 2402 755 2467 per
777 2385 914 2468 ipsum,
942 2393 1056 2446 nactum
1078 2404 1117 2445 cs
1140 2382 1257 2445 Maria
1278 2383 1410 2468 aio-pino

263 2508 302 2551 ecc
324 2486 450 2573 spirito
473 2498 595 2567 sancto,
624 2490 707 2554 sicut
735 2489 889 2554 scribtum
912 2493 975 2554 est:
1003 2508 1086 2553 ecce
1114 2488 1220 2574 uirgo
1248 2489 1411 2573 accipiet
1567 2517 1568 2532 ¹

261 2593 299 2657 in
322 2597 428 2658 utero
452 2598 487 2659 et
509 2595 632 2678 pariet
653 2595 779 2659 filium
803 2598 839 2659 et
861 2595 1049 2659 uocabitis
1074 2613 1205 2658 nomen
1229 2595 1308 2658 eius
1331 2595 1410 2657 Em-

263 2700 414 2762 manuel
437 2700 532 2782 quod
554 2701 856 2783 interpraetatur
878 2700 1074 2765 nobiscum
1102 2700 1206 2780 deus,
1237 2703 1269 2764 et
1294 2700 1449 2763 iterumn

263 2802 300 2866 de
316 2821 366 2868 ec:
391 2804 549 2887 spiritus
573 2808 727 2869 sanctus
751 2805 881 2869 ueniet
903 2805 941 2869 in
964 2809 999 2868 tc
1023 2808 1059 2868 et
1081 2805 1203 2868 uirtus
1227 2805 1410 2868 altissimi

262 2905 503 2973 obumbrauit
530 2912 565 2973 tc
589 2909 745 2990 ideoque
773 2913 810 2974 et
832 2909 928 2990 qnod
951 2912 1127 2974 nascetur
1155 2912 1327 2974 sanctum
1350 2927 1410 2972 uo-

261 3011 411 3076 cabitur
438 3013 545 3078 filius
574 2991 808 3098 dampnosum
834 3012 894 3077 sub
916 3013 1032 3076 Pontio
1054 3012 1178 3091 Pilato,
1206 3011 1408 3096 cruccflsum,
1566 3038 1567 3065 1

261 3116 344 3181 sicut
367 3118 520 3182 scribtum
543 3123 605 3183 cst:
626 3117 630 3203 Ι
652 3123 688 3183 et
715 3119 814 3184 inter
841 3120 991 3202 iniquos
1019 3119 1275 3202 deputabitur,
1301 3117 1409 3204 sepul·

271 3269 273 3274 ·
366 3255 485 3310 teilo.
506 3258 546 3320 14,
566 3258 590 3311 2.
651 3256 860 3321 7of.R0m.7,
881 3261 920 3315 18.
991 3256 1409 3322 ecf.1.cor.7‚oet9,1o;

260 3341 282 3396 I.
302 3341 370 3396 Tim.
391 3345 415 3407 1,
436 3346 463 3407 13
480 3343 564 3397 Prisc.
584 3360 640 3398 can.
659 3343 728 3398 XLI.
832 3348 863 3400 15
882 3346 903 3399 Ι.
922 3345 982 3400 Cor.
1001 3349 1026 3414 8,
1045 3349 1074 3407 o;
1093 3343 1127 3398 of.
1145 3344 1229 3399 Prisc.
1249 3362 1306 3399 can.
1325 3344 1407 3399 XXV.

262 3431 295 3484 16
318 3430 339 3483 Ι.
359 3428 418 3485 Cor.
443 3433 467 3494 8,
487 3433 510 3486 6.
623 3433 655 3487 18
679 3431 723 3485 Es.
747 3435 772 3495 7,
793 3434 838 3495 14,
860 3431 956 3486 Matth.
984 3436 1006 3496 1,
1025 3435 1067 3489 23.
1178 3435 1210 3488 21
1234 3433 1296 3486 Luc.
1323 3436 1345 3496 1,
1365 3435 1407 3488 35.

260 3518 295 3572 24
313 3516 357 3570 Es,
376 3519 418 3581 53,
439 3519 484 3581 123
502 3517 565 3571 Luc.
585 3520 626 3582 22,
646 3520 687 3574 37.

364 3658 380 3710 4
402 3655 504 3725 Cicero,
523 3663 617 3712 orator
634 3662 659 3726 1,
673 3662 703 3711 4:
726 3658 815 3726 prima
833 3658 904 3711 enim
923 3661 1076 3726 sequentem
1098 3657 1242 3712 honestum
1260 3661 1301 3712 est
1321 3659 1350 3712 in
1368 3675 1408 3713 se-

260 3742 354 3796 cundis
372 3744 511 3812 tertiisque
530 3745 681 3798 consistere.

296 3901 309 3954 1
328 3887 535 3983 pRobtbeRe]
552 3900 718 3954 infinitiuum
737 3901 811 3956 nolui
829 3904 934 3956 mutare
952 3902 981 3955 in
993 3903 1206 3967 coniunctiuum3
1225 3903 1259 3956 cf.
1273 3918 1339 3970 quae
1352 3903 1406 3957 dixi

259 4003 288 4056 in
304 4002 385 4057 non.
409 4002 427 4057 f.
452 4003 498 4058 rac.
523 4006 611 4061 nexis.
635 4007 819 4076 11131111.
925 4012 942 4064 s
969 4001 1172 4078 matiscen]
1198 4009 1273 4062 nolui
1290 4007 1404 4062 scribere

259 4099 441 4167 malueris
494 4111 510 4164 4
530 4112 802 4193 qoaeomunolui
815 4113 1178 4195 maerensmaerens
1224 4116 1257 4170 14
1277 4123 1404 4174 croam

258 4211 319 4280 etc]
342 4211 404 4264 uide
429 4228 495 4280 quae
518 4215 550 4269 dc
572 4217 622 4270 hoc
644 4217 807 4270 Priscilliani
831 4216 951 4285 symbolo
977 4217 1030 4271 dini
1053 4219 1082 4273 in
1104 4219 1193 4273 libello
1218 4219 1252 4272 ad
1276 4236 1301 4288 p.
1317 4222 1357 4282 17,
1370 4221 1404 4274 29

258 4298 348 4363 citato,
366 4314 392 4368 p.
405 4303 440 4355 20
458 4306 512 4355 not.
618 4305 652 4358 22
680 4304 929 4372 οϋυωῦκΑυΙῐ]
947 4304 980 4359 cf.
999 4305 1080 4360 Arch.
1099 4305 1118 4360 f.
1137 4306 1184 4360 lat.
1203 4306 1263 4360 Lex.
1282 4305 1333 4370 ΠΙ,
1353 4308 1404 4362 318

260 4387 465 4473 ΝΑεεεῖυκι]
486 4409 546 4475 post
567 4407 617 4461 hoc
640 4407 753 4461 uerbum
777 4408 902 4462 excidisse
921 4427 1025 4464 censeo:
1049 4420 1094 4472 εΧ
1112 4420 1148 4472 ῖΕ
1223 4413 1257 4467 23
1276 4397 1363 4490 suoi,

257 4491 327 4545 linea
345 4495 372 4546 et
389 4495 489 4561 puncto
508 4493 558 4547 dcl.
