3175 5075
637 526 804 577 tractatus
826 523 892 577 1111.
1293 506 1336 571 59

192 682 374 745 aduersus
406 699 469 745 uos
493 682 530 744 in
559 680 740 765 memlbris
764 683 904 746 uestris
928 683 1105 746 ieiunantes
1130 683 1185 747 deo
1209 702 1272 746 non
1303 684 1336 746 in

192 784 368 869 turpibus
398 786 516 850 lucris
539 806 640 869 neque
663 788 700 851 in
723 788 871 852 incerto
899 787 1085 852 auaritiae
1116 789 1225 851 autin
1252 789 1336 851 renis

192 894 224 954 et
254 890 506 955 contentionibus
537 892 698 972 ieiunetiS,
730 892 889 975 quoniam,
921 892 981 956 etsi
1011 892 1236 957 abstinentiam
1266 892 1336 956 dili-

192 996 312 1059 ciarum
341 999 372 1059 et
402 996 637 1061 occallationem
661 996 797 1081 corporis
825 996 968 1061 diuinum
990 998 1022 1060 in
1045 997 1095 1061 his
1125 997 1235 1061 diebus
1258 1015 1336 1079 opus

162 1099 331 1182 oquaerit,
365 1101 441 1164 tale
471 1105 591 1165 tamen
621 1101 804 1166 ieiunium
835 1121 906 1167 non
940 1101 1114 1183 requirit,
1149 1102 1214 1182 sed,
1249 1101 1336 1165 sicud

192 1204 346 1269 scribtum
368 1208 426 1285 est,
450 1204 659 1269 castificati
682 1225 834 1290 corpore
859 1210 894 1270 et
916 1206 1055 1289 spiritu
1078 1206 1277 1270 caritatem
1299 1206 1335 1269 in

191 1309 395 1374 dilectione
426 1310 637 1393 simplicem
668 1330 709 1375 en
736 1311 845 1375 corde
875 1328 962 1375 uero
985 1313 1022 1375 et
1049 1310 1187 1374 diuites
1211 1328 1275 1374 uos
1298 1311 1336 1374 in

191 1413 369 1497 operibus
391 1414 500 1479 bonis
524 1415 663 1479 diuinis
686 1416 824 1499 gloriis
848 1415 1023 1479 exhibete
1047 1419 1087 1496 et,
1112 1415 1194 1478 sieut
1215 1415 1337 1498 profeta

192 1518 247 1599 ait,
264 1518 403 1583 soluite
416 1537 560 1584 omnem
572 1521 867 1603 conligationem
882 1520 1099 1584 iniustitiae
1116 1522 1153 1583 et
1167 1521 1336 1602 respuite

148 1647 175 1685 ιο
191 1620 467 1708 oblegatiollnes
495 1623 751 1713 inpotentium
782 1625 1103 1704 commerciorum,
1127 1623 1262 1705 eripite
1284 1624 1337 1687 in·
1363 1632 1400 1684 78

190 1728 328 1791 iuriam
351 1728 612 1811 accipientem,
640 1729 805 1793 indicate
828 1729 1028 1812 pupillum,
1050 1728 1263 1792 iustificate
1286 1728 1337 1791 ui-

191 1832 310 1913 duam,
337 1832 528 1897 demittite
553 1834 767 1898 confractos
791 1833 1113 1898 inremissionem
1137 1836 1173 1896 et
1195 1850 1337 1897 omnem

190 1936 512 2002 conscribtionem
543 1938 710 2021 iniquam
738 1938 980 2021 disrumpite,
1012 1937 1177 2021 frangite
1205 1955 1336 2020 panem

190 2045 359 2106 uestrum
376 2042 647 2123 esurientibus
672 2061 833 2127 aegenos
849 2046 886 2107 et
908 2062 979 2107 non
994 2042 1178 2107 habentes
1195 2045 1337 2105 tectum

148 2146 361 2211 15inducite
384 2147 420 2211 in
444 2148 572 2212 domos
595 2151 758 2222 uestram
791 2148 822 2212 si
845 2148 1022 2212 uideritis
1052 2148 1170 2212 nudos
1193 2147 1338 2229 operite

191 2254 229 2315 et
251 2251 470 2317 laborantes
493 2272 537 2317 ne
568 2252 829 2336 dispexeritis;
861 2253 906 2317 sic
928 2252 1013 2317 enim
1037 2252 1189 2316 scribtum
1219 2255 1281 2315 est:
1307 2252 1337 2315 si

191 2355 339 2419 dederis
361 2357 544 2421 esurienti
567 2376 699 2441 panem
715 2360 821 2423 tuum
840 2377 882 2421 ex
898 2358 1023 2422 animo
1046 2362 1082 2421 et
1096 2356 1337 2420 humiliatam

191 2460 396 2525 satiaberis
427 2462 597 2544 animam,
629 2462 774 2527 orietur
797 2463 834 2527 in
857 2462 1027 2527 tenebris
1053 2459 1056 2548 l
1081 2462 1206 2525 lumen
1234 2464 1337 2524 tuum

191 2566 324 2630 eterit
354 2566 442 2630 deus
466 2570 553 2632 tuns
585 2572 708 2633 tecum
732 2571 767 2632 et
797 2567 1002 2632 satiaberis
1030 2567 1200 2632 omnibus
1229 2565 1337 2630 bonis

145 2671 231 2738 coin
261 2671 384 2736 omnia
414 2690 508 2754 quae
539 2673 728 2737 desiderat
759 2673 884 2737 anima
906 2677 979 2736 tua.
1018 2671 1219 2738 Considerate
1243 2670 1336 2751 enim,

189 2775 267 2856 quid
300 2776 342 2839 sit
363 2777 482 2859 pascha
504 2777 632 2858 domini,
664 2779 785 2842 dicente
814 2778 967 2861 apostolo:
998 2778 1140 2860 paseha
1170 2779 1337 2839 nostrum

189 2879 410 2945 immolatus
435 2885 492 2945 est
515 2880 701 2963 Christus,
725 2882 894 2947 ostendens
910 2901 1014 2946 rerum
1029 2881 1243 2965 praesentium
1259 2880 1338 2944 tole-

188 2984 328 3048 rantiam
361 2985 399 3048 ad
430 2987 606 3068 praemium
638 2986 750 3050 beatae
781 2987 1018 3051 inmortalitatis
1048 2985 1274 3069 proficientem,
1305 2985 1337 3047 in

190 3107 254 3170 qno
286 3089 417 3173 uirginis
440 3092 550 3173 partus
575 3095 606 3154 et
628 3091 661 3155 in
693 3092 946 3175 adsumptionem
970 3091 1105 3174 corporis
1139 3090 1337 3171 omnipotens

297 3305 371 3362 aes.
395 3307 416 3361 1.
435 3306 503 3361 Tim.
522 3310 546 3371 3,
564 3310 592 3371 83
615 3307 666 3361 Tit.
687 3312 709 3371 l,
728 3310 751 3362 7.
770 3310 810 3363 11.
929 3308 958 3360 in
976 3307 1040 3376 inc]
1064 3307 1096 3360 cf.
1121 3307 1142 3360 Ι.
1165 3306 1233 3359 Tim.
1253 3309 1277 3369 6,
1297 3308 1336 3360 17.
1432 3356 1434 3363 ,

188 3393 276 3449 aas.
295 3397 335 3458 58,
354 3397 377 3449 5.
397 3397 420 3448 6.
510 3393 702 3463 beastificati]
721 3395 743 3448 I.
761 3395 833 3448 Petr.
852 3398 875 3458 1,
894 3397 936 3450 22.
1024 3397 1086 3449 tet
1104 3393 1214 3461 diuites]
1232 3393 1253 3447 I.
1268 3393 1337 3445 Tim.

188 3483 217 3545 6,
240 3483 279 3537 18.
351 3481 432 3536 aas.
455 3484 496 3546 58,
515 3485 538 3536 6.
558 3485 585 3545 73
613 3482 813 3562 cf3Baruubde
831 3484 907 3551 epist.
924 3501 945 3537 e⁴
964 3487 987 3536 3.
1063 3481 1336 3544 16l1s,58,10.11.

187 3571 223 3624 21
243 3567 266 3622 I.
280 3566 339 3622 Cor.
353 3571 376 3632 5,
390 3571 413 3622 7.

236 3773 253 3825 2
282 3769 392 3836 nexis]
418 3786 478 3839 opp.
491 3787 516 3839 p.
530 3773 573 3834 21,
585 3772 614 3832 4;
628 3772 669 3833 63,
684 3773 716 3825 17
788 3773 805 3824 3
826 3727 1027 3848 ΙειυΝεῖιεΞ,
1048 3777 1068 3830 ε
1085 3769 1124 3834 (in
1140 3769 1208 3834 tes)
1225 3768 1272 3821 lin.
1287 3766 1337 3820 del.

188 3931 206 3982 6
229 3938 284 3992 tro,
308 3929 366 3980 erat
385 3937 443 3986 otc
537 3928 567 3982 11
588 3883 947 4010 popullssffiscpcate,
976 3936 1037 3985 om
1057 3942 1128 3978 man.
1147 3925 1176 3977 Η
1199 3942 1337 3995 superor,

187 4032 238 4086 sed
258 4042 278 4093 ε
297 4047 350 4084 non
369 4031 419 4085 del.
493 4033 525 4087 12
545 4013 790 4114 coro'ynactos,
816 4043 835 4090 o
858 4031 896 4098 (iu
914 4032 982 4098 ros)
1000 4048 1030 4084 ex
1051 4040 1072 4089 υ
1093 4046 1158 4082 corr.
1233 4033 1265 4084 ro
1284 4019 1338 4088 bus

186 4144 395 4277 pertendam,
422 4189 501 4254 elin
525 4191 593 4256 tes)
614 4188 660 4242 lin.
687 4187 737 4241 del.
864 4191 897 4245 18
922 4197 1119 4268 molliettltl,
1151 4196 1186 4244 m
1214 4187 1261 4241 lin.
1286 4187 1338 4241 del.

189 4351 223 4405 19
238 4303 463 4425 εΑτιΑῧεκιε,
481 4357 502 4403 υ
518 4345 565 4398 lin.
577 4345 626 4399 del.
693 4349 727 4400 ao
743 4335 1127 4406 comstbenataeerorci
1194 4346 1228 4400 22
1241 4353 1338 4427 prae
1358 4427 1362 4436 .

188 4432 425 4513 scatebram
506 4442 763 4511 tolerarentur)
