3175 5075
506 545 716 599 Priscilliani
734 548 899 599 tractatus
920 545 956 599 11.
1270 529 1312 593 35

168 702 275 766 dentes
292 704 500 767 saecularium
511 700 520 789 11
533 707 661 767 actuum
677 702 822 768 tenebras
837 708 1021 787 respuentes
1037 707 1120 768 totos
1135 722 1193 768 nos
1206 703 1309 767 dodis-
1334 714 1374 768 42

169 826 271 871 semus
296 808 363 888 deo,
379 808 520 891 legentes
544 810 626 890 quod
649 810 703 889 qui
726 827 918 891 quemqnam
942 808 1077 892 amplius
1100 827 1197 891 quarn
1219 809 1312 871 deum

168 912 311 995 diligeret
330 913 543 997 discipulus
564 914 644 977 eius
661 933 742 978 esse
759 932 831 978 non
853 918 991 997 posset,
1016 914 1068 978 alii
1084 917 1228 978 nostrum
1247 914 1312 977 iam

166 1017 199 1081 in
209 1017 331 1081 eclesiis
345 1018 436 1081 electi
448 1019 515 1099 deo,
529 1018 582 1082 alii
594 1019 661 1082 uita
674 1018 871 1082 elaborantes
883 1022 919 1082 ut
931 1019 1127 1102 eligeremur,
1141 1018 1313 1083 catholicae

142 1121 253 1204 specis
277 1121 485 1204 sequebamur
505 1124 656 1204 quietem3
681 1141 791 1187 nerum
815 1141 887 1187 cum
909 1126 1037 1206 repente
1054 1124 1121 1187 siue
1136 1122 1313 1187 necessaria

165 1226 385 1309 redargutione
418 1226 484 1291 siue
516 1228 725 1291 aemulatione
757 1228 842 1291 uitae
878 1246 932 1291 seu
967 1227 1132 1292 nouissimi
1163 1228 1312 1311 temporis

139 1334 322 1413 'potestate
358 1332 512 1395 orirentur
547 1332 781 1412 contentionem
816 1350 872 1396 nos
907 1331 1072 1397 caritatem
1110 1331 1229 1398 Christi
1263 1332 1313 1395 dei

166 1438 311 1518 optantes
340 1440 371 1500 et
398 1454 507 1519 pacem
536 1437 595 1501 etsi
623 1437 816 1501 conscientia
843 1436 1093 1519 confidebamus,
1121 1436 1313 1502 timebamus

166 1543 284 1620 tamen,
308 1560 347 1605 ne
371 1541 456 1623 quid,
480 1542 562 1605 sicut
584 1542 705 1607 factum
729 1545 787 1621 est,
813 1542 972 1606 contentio
997 1542 1174 1606 animorum
1195 1541 1313 1606 faceret

130 1661 154 1700 10
167 1646 248 1726 quod
269 1665 330 1729 par
350 1647 545 1710 eclesiastica
565 1665 627 1711 non
648 1649 779 1710 teneret.
816 1645 883 1710 Deo
900 1650 1007 1711 tamen
1030 1648 1084 1729 qui
1103 1645 1108 1733 Ι
1128 1666 1209 1710 nnus
1233 1648 1313 1711 etin

166 1750 313 1815 omnibus
341 1770 433 1815 uerus
463 1755 511 1815 est
539 1751 620 1815 inter
651 1752 727 1815 haec
751 1751 880 1835 gratias
909 1751 992 1833 quod
1018 1752 1124 1816 nnllns
1152 1771 1169 1815 e
1196 1751 1312 1816 nostris

165 1856 219 1936 qui
241 1854 387 1920 libellum
410 1856 597 1921 tradidimus
620 1874 720 1939 usque
745 1856 777 1920 in
799 1856 858 1920 hoc
882 1859 1007 1939 tempus
1031 1857 1083 1920 uel
1099 1860 1313 1921 accusatorem

165 1960 422 2044 reprehensibilis
440 1961 541 2025 adhuc
565 1962 649 2025 uitae
665 1961 768 2044 potuit
791 1959 908 2025 habere
923 1961 975 2025 uel
998 1961 1144 2041 iudicem,
1167 1961 1243 2025 licet
1258 1960 1313 2025 ob·

166 2066 295 2130 trectari
318 2084 380 2130 non
404 2085 527 2149 semper
549 2066 731 2130 nocentium
755 2066 807 2146 sit,
836 2066 891 2130 sed
914 2066 956 2129 sit
979 2066 1168 2149 aliquotiens
1191 2066 1312 2147 quicto-

130 2185 154 2225 1⁵
166 2190 245 2234 rum.
286 2156 430 2253 Denique
454 2172 486 2235 in
510 2174 667 2235 conuentu
691 2170 860 2254 episcopali
883 2171 937 2252 qni
960 2169 1229 2255 Caesaraugustae
1253 2170 1314 2234 fuit

166 2294 258 2339 nemo
287 2295 303 2340 e
333 2276 449 2340 nostris
479 2295 551 2340 reus
581 2276 684 2340 factus
717 2278 856 2355 tenetur,
886 2293 979 2339 nemo
1010 2279 1189 2355 accusatus²
1220 2293 1313 2339 nemo
1403 2345 1405 2348 ,

166 2381 340 2461 conuictus
364 2398 456 2445 nemo
480 2381 648 2444 damnatus
673 2384 731 2460 est,
755 2380 879 2445 nullum
902 2380 1023 2444 nomini
1046 2383 1152 2445 nostro
1168 2380 1221 2443 uel
1242 2398 1313 2462 pro-

165 2485 268 2569 posito
289 2485 340 2549 uel
361 2486 445 2550 uitae
469 2485 587 2550 crimen
610 2483 768 2550 obiectum
789 2488 847 2566 est,
871 2503 964 2550 nemo
987 2488 1023 2549 ut
1045 2487 1228 2549 euocaretur
1251 2502 1314 2549 non

166 2589 270 2655 dicam
308 2591 529 2655 necessitatem
564 2592 618 2655 sed
652 2609 710 2654 nec
745 2590 991 2656 sollicitudinem
1026 2589 1146 2654 habuit.
1193 2590 1312 2653 Datum

129 2712 153 2751 20
166 2695 272 2759 nescio
300 2696 382 2776 quod
411 2694 448 2759 ab
476 2693 632 2780 Hyjldatio
659 2696 704 2760 ibi
731 2696 1006 2759 commonitorium
1034 2697 1083 2758 est
1115 2695 1197 2777 qnod
1224 2695 1313 2758 uelut
1336 2701 1375 2755 43

167 2799 307 2883 agendae
338 2787 435 2864 uitae
452 2803 582 2883 ponerct
612 2800 827 2884 disciplinam:
862 2818 954 2864 nemo
978 2800 1042 2863 illic
1065 2803 1209 2863 nostrum
1231 2799 1313 2863 inter

166 2903 220 2968 illa
235 2906 463 2987 repraehensus
481 2908 536 2968 tua
551 2904 751 2988 potissimum
768 2905 905 2987 epistula
927 2908 1037 2969 contra
1058 2904 1206 2987 inprobos
1223 2922 1313 2987 prae-

167 3010 305 3089 ualente,
333 3009 366 3073 in
394 3028 455 3090 qua
485 3009 572 3072 iuxta
603 3009 785 3092 euangelica
815 3009 902 3072 iussa
929 3027 1143 3092 praeceperas,
1171 3028 1211 3073 ne
1238 3008 1314 3091 qnid

166 3113 198 3176 in
215 3113 363 3178 absentes
387 3117 419 3178 ct
434 3114 591 3178 inauditos
608 3114 835 3177 decerneretur.
863 3113 929 3177 Nos
945 3117 1063 3194 tamen,
1088 3113 1148 3178 etsi
1165 3111 1311 3178 absentes

131 3237 154 3277 a
166 3217 209 3281 ibi
224 3219 354 3299 fuimus,
373 3237 495 3302 semper
507 3218 566 3282 hoc
578 3219 611 3282 in
625 3218 746 3282 eclesiis
763 3220 795 3282 et
811 3218 1032 3282 admonuimus
1049 3222 1080 3282 et
1096 3219 1312 3296 admonemus,

167 3326 202 3386 ut
221 3322 346 3406 inprobi
370 3342 471 3388 mores
496 3326 527 3387 et
543 3323 721 3387 indecentia
743 3323 891 3387 instituta
913 3323 1041 3386 uiuendi
1064 3323 1115 3386 uel
1137 3341 1217 3403 quae
1240 3340 1313 3386 con-

168 3429 217 3490 tra
240 3426 359 3492 Christi
383 3428 433 3491 dei
455 3427 549 3491 fidem
576 3431 720 3511 pugnant
748 3426 920 3510 probabilis
949 3431 981 3490 et
1004 3426 1200 3490 Christianae
1227 3426 1312 3490 uitae

272 3601 290 3655 3
308 3599 341 3654 01.
355 3600 417 3654 Luc.
440 3602 479 3664 14,
499 3602 539 3654 26.
620 3602 654 3655 23
668 3615 705 3668 sq.
725 3599 759 3653 cl.
772 3599 794 3653 1.
808 3599 876 3652 Tim.
891 3601 914 3663 5,
928 3601 970 3655 20.
983 3601 1025 3654 21.

278 3759 313 3812 al
336 3757 369 3810 01.
393 3758 507 3826 Lucifer
531 3756 589 3812 Cal.
608 3773 634 3825 p.
652 3759 686 3812 66
709 3759 764 3810 not.
788 3756 829 3810 cd.
852 3755 966 3810 Hartel.:
990 3755 1052 3823 qnia
1074 3754 1211 3808 absentem
1234 3770 1312 3808 nemo

170 3840 248 3896 debet
266 3843 383 3897 iudicare
402 3860 449 3898 nec
468 3844 602 3897 damnare.

220 3993 453 4072 ‘deiecemuk
560 4003 593 4057 14
616 3940 754 4080 ΞΕΠΡΕΚ,
783 4011 857 4059 Rex
883 4012 1001 4058 100011.
1075 4017 1124 4069 pro
1148 3990 1315 4062 StISebStt

171 4156 284 4210 conicias
304 4168 353 4216 su
372 4147 433 4218 seb
454 4167 489 4218 er
544 4160 576 4213 15
596 4115 905 4228 caesarc'aocusie
961 4160 993 4212 19
1008 4147 1312 4237 sollrcrtubrmem,

172 4271 207 4320 (1)
221 4261 290 4316 falso
303 4279 406 4316 erasum
471 4264 505 4317 24
525 4251 770 4341 δΕΕΕΚΝΕῙΗΚ,
790 4262 824 4315 cf.
843 4279 922 4331 supra
934 4262 1010 4317 lind
1080 4264 1114 4318 26
1130 4273 1313 4346 impacatos

171 4368 203 4420 27
233 4348 884 4456 υιτΑεΞ1100111ε][001010εο10110εο;
917 4371 978 4436 post
1011 4376 1112 4428 errae
1144 4385 1198 4421 una
1224 4368 1315 4436 neura

172 4486 244 4524 erasa
263 4474 309 4535 est,
329 4471 386 4539 syll.
408 4482 450 4533 Re
469 4473 497 4525 in
516 4472 635 4541 margine
654 4475 739 4526 exstat
756 4471 784 4525 in
803 4488 903 4525 rasura.

1124 4577 1158 4626 3¹}
