3175 5075
294 520 420 579 XXVIII

295 690 378 773 typis
411 708 552 754 seorsum
587 689 735 753 mandata
768 687 941 752 mnltarnm
974 688 1142 771 praefectis
1176 678 1438 753 bibliothecarum

294 795 507 874 innotuerunt,
537 810 630 857 nemo
660 795 767 856 tamen
798 792 900 856 adhuc
929 811 981 856 me
1012 792 1116 857 docuit
1144 795 1269 875 praeter
1298 792 1438 857 codicem

294 896 592 981 wirceburgensem
616 896 692 961 alibi
713 914 849 977 usquam
871 898 1023 960 tractatus
1045 899 1169 961 nostros
1193 900 1314 961 exstare
1337 915 1438 979 neque

294 1001 448 1066 Rndolfus
472 1001 563 1082 Beer,
587 1019 681 1083 quem
704 1018 786 1064 anno
813 997 894 1062 1887
918 1000 1108 1065 lustrantem
1130 1000 1303 1084 Hispaniae
1325 999 1439 1065 biblio·

294 1106 402 1169 thecas
424 1123 537 1187 parum
560 1108 651 1169 notas
674 1108 709 1169 ut
732 1105 771 1169 ad
791 1104 873 1168 bano
888 1123 955 1168 rem
971 1105 1112 1168 animum
1127 1104 1304 1169 attenderet
1318 1105 1437 1188 rogaui,

293 1209 327 1273 in
349 1209 405 1273 illa
427 1211 521 1289 terra,
544 1208 577 1272 in
600 1226 663 1291 qna
681 1226 756 1291 prae
772 1209 884 1273 ceteris
906 1208 1096 1272 Priscilliani
1118 1207 1254 1292 uestigia
1275 1227 1439 1290 superesse

295 1313 446 1393 crederes²
470 1315 662 1377 tractatuum
684 1310 970 1378 Priscillianeorum
993 1312 1132 1375 codicem
1155 1312 1256 1377 ullum
1278 1311 1408 1377 inuenit.

337 1679 472 1757 olPol
494 1680 557 1755 ΙΙΙ.
587 1680 646 1756 DE
669 1678 914 1758 OANONIBUS
937 1680 1150 1758 PAULINIS
1172 1680 1402 1761 EORUMQUE

569 1809 790 1887 condolens
813 1810 864 1886 ΕΤ
885 1810 1168 1888 EDIIIONIBUS.

339 1970 395 2035 Sat
427 1970 536 2035 multis
570 1969 727 2035 codicibus
756 1969 944 2035 Priscilliani
973 1970 1006 2034 in
1037 1970 1187 2053 epistulas
1217 1968 1247 2035 S.
1273 1970 1364 2035 Pauli
1387 1988 1437 2034 ca·

294 2092 392 2139 nones
413 2074 595 2149 madantum
620 2074 692 2138 addi
713 2076 798 2137 enim
821 2073 965 2139 solebant
986 2075 1019 2138 in
1041 2074 1210 2139 bibliomm
1235 2075 1438 2158 Hispaniensi

295 2179 415 2242 familia
437 2181 510 2242 ante
533 2178 682 2261 epistulas
705 2178 808 2258 Pauli,
832 2195 895 2259 qua
917 2197 952 2241 ex
972 2198 1006 2242 re
1022 2179 1132 2261 quanti
1149 2179 1245 2244 etiam
1259 2179 1438 2263 posteriori-

294 2281 354 2346 bus
382 2282 515 2347 saeoulis
545 2283 598 2367 (of.
624 2281 708 2366 Sulp.
739 2281 821 2363 Seu,
844 2283 950 2347 chron.
971 2282 1015 2363 H,
1034 2281 1075 2345 51
1100 2283 1118 2365 p
1141 2281 1169 2347 7.
1192 2281 1227 2367 8)
1251 2282 1439 2348 Priscilliani

296 2386 426 2451 eruditio
454 2389 486 2450 et
508 2388 675 2451 auotoritas
707 2386 749 2451 sit
779 2387 945 2451 aestimata
973 2387 1065 2451 facile
1096 2387 1305 2470 intellegitur3
1340 2406 1438 2469 neque

297 2492 380 2557 enim
410 2491 602 2558 Theodulfus
633 2510 734 2574 neque
765 2491 818 2556 alii
848 2491 1022 2574 praesules,
1055 2492 1108 2573 qui
1137 2491 1175 2555 de
1206 2492 1378 2558 tractandis
1409 2495 1439 2558 ot

295 2596 540 2678 transcribendis
563 2595 651 2662 libris
674 2595 800 2660 biblicis
828 2595 909 2660 bene
936 2596 1040 2660 meriti
1068 2598 1152 2676 sunt,
1183 2596 1365 2660 abhomisse
1391 2597 1438 2660 ni-

296 2700 409 2765 dentur
432 2700 470 2764 ab
494 2701 548 2766 illo
571 2700 721 2765 haeretici
749 2700 885 2764 auctoris
913 2701 1062 2782 opusculo
1091 2703 1122 2764 et
1149 2700 1316 2783 singularis
1344 2701 1438 2764 etiam

295 2804 451 2869 industria
473 2804 713 2889 impendebatur
736 2803 799 2868 illis
823 2803 993 2868 canonibus
1016 2802 1327 2888 magnificentissime
1351 2804 1439 2869 ador-

295 2908 417 2989 nandis,
441 2908 693 2991 quandoquidem
717 2907 863 2972 meliores
891 2908 982 2989 eiquo
1009 2909 1199 2972 uetustiores
1225 2908 1299 2972 libri
1325 2909 1438 2973 litteris

295 3012 389 3096 pictis
421 3015 451 3075 et
482 3012 674 3076 ornamentis
704 3012 738 3076 in
767 3011 831 3075 illis
861 3011 939 3095 ipsis
967 3028 1123 3076 canonum
1149 3013 1272 3095 paginis
1295 3015 1370 3077 sunt
1391 3014 1439 3077 in·

297 3117 416 3181 structi.

340 3218 440 3300 Quam
470 3221 591 3284 incerta
621 3223 727 3284 aulem
758 3223 790 3284 et
821 3220 933 3304 exigua
962 3219 1057 3282 fuerit
1087 3219 1124 3283 de
1155 3223 1264 3284 nostra
1292 3240 1326 3285 re
1356 3222 1439 3305 apud

295 3325 476 3389 recentioris
493 3324 604 3388 aetatIs
620 3324 702 3388 uiros
719 3324 825 3388 doctos
842 3323 1004 3404 memoria,
1020 3323 1183 3407 apparebit
1199 3343 1236 3387 en
1249 3324 1328 3405 loco,
1345 3345 1439 3407 quem

294 3426 392 3492 habet
415 3428 475 3492 Ios.
497 3427 577 3492 Mar.
602 3427 824 3492 Thomasius
848 3427 1024 3508 cardinalis
1047 3429 1095 3491 uir
1118 3427 1327 3509 doctissimus,
1352 3431 1438 3493 ouius

295 3534 399 3615 ‘opera
421 3525 537 3598 omnia'
564 3531 698 3596 editione
722 3533 799 3596 satis
826 3550 898 3595 rara
920 3532 1024 3595 emisit
1045 3530 1084 3596 A.
1107 3533 1141 3595 F.
1159 3532 1297 3612 Uennosi,
1320 3533 1439 3598 Romae

295 3654 321 3699 a.
336 3633 428 3716 1747,
441 3639 516 3699 tom.
530 3635 546 3699 I
562 3634 745 3718 (sacrorum
756 3633 925 3700 bibliorum
938 3639 1061 3700 ueteres
1074 3636 1168 3716 ttuli,
1181 3637 1333 3701 sectiones
1347 3639 1439 3721 etc‘),

294 3738 349 3803 ubi
368 3740 400 3802 in
416 3738 672 3822 ‘praemonitione
696 3739 735 3802 ad
757 3739 917 3803 lectorem‘
940 3759 970 3822 p.
988 3737 1051 3801 293
1064 3757 1131 3821 sqq.
1155 3740 1234 3803 haec
1255 3741 1405 3823 legimus:

338 3840 465 3907 „Iacobus
488 3840 575 3894 Faber
599 3840 763 3910 stapulensis
790 3841 820 3894 in
844 3857 953 3894 suorum
971 3840 1232 3896 Commentariorum
1255 3843 1284 3895 in
1302 3843 1436 3912 Epistolas

293 3927 370 3980 Beati
382 3927 460 3980 Pauli
472 3927 642 3981 Praefatione
660 3927 733 3992 haec,
753 3943 819 3996 quae
836 3928 870 3980 ad
888 3931 1011 3981 nostrum
1024 3928 1113 3996 aliquo
1131 3929 1211 3982 modo
1223 3928 1309 3982 facere
1327 3932 1440 3999 possunt

293 4013 457 4078 institutum,
476 4013 580 4067 scribit:
600 4015 656 4068 »Et
674 4015 740 4083 quio
756 4015 880 4083 Majoreo
897 4016 1061 4070 matritum
1080 4015 1178 4070 Gracci
1196 4022 1254 4070 tam
1272 4016 1372 4070 Latiari
1388 4015 1438 4071 Oo-

293 4118 376 4156 ooaos
393 4102 437 4155 ba's
455 4101 591 4169 Epistob's
605 4101 700 4155 Sancti
713 4102 799 4154 Pauli
812 4103 964 4169 praefixere
981 4107 1006 4155 ct
1023 4102 1113 4155 adiaco
1130 4103 1161 4154 ia
1174 4103 1312 4170 plerisque
1329 4104 1438 4157 canutio

298 4187 442 4243 (lodicibus
464 4205 507 4243 eos
530 4188 648 4256 reperire
662 4193 822 4256 promptam
844 4193 897 4242 eat:
927 4188 1004 4256 apud
1030 4189 1138 4255 quidem
1163 4188 1280 4243 Graecos
1303 4189 1439 4244 mabam

293 4275 511 4341 alcimionius,
538 4275 615 4343 epod
636 4291 696 4329 caro
715 4274 833 4328 Latinos
851 4275 1060 4342 Priscillianus,
1087 4276 1148 4329 idco
1173 4281 1269 4330 atnoe
1291 4275 1439 4341 (coriario

293 4366 404 4415 tamea
418 4362 462 4416 a'a'a
481 4362 537 4429 qai
554 4367 631 4415 caat
650 4361 876 4415 Priscilla'oai
892 4377 949 4417 ooo
966 4361 1054 4416 rozam
1072 4362 1104 4416 ob
1122 4361 1237 4430 inpono
1255 4364 1438 4431 ceroptata

293 4448 446 4517 condoctior,
463 4463 554 4504 oooacm
566 4452 591 4502 ot
608 4448 747 4516 insuper
764 4447 852 4516 qaod
868 4464 978 4502 coram
994 4449 1124 4502 nemori
1141 4449 1268 4504 nostra's
1284 4465 1350 4504 oon
1368 4466 1439 4505 coo·
