3175 5075
281 477 376 537 XXVI

298 646 514 715 3741111441

297 733 368 796 9,18
391 730 586 796 intellexerunt,
611 733 681 785 certe
704 747 749 786 eor
771 750 825 802 pro

331 818 380 872 int.
398 820 477 882 reete,
496 832 540 871 aer

281 906 350 969 12,6
369 902 512 959 abalienari
527 920 580 973 pro
598 902 747 959 abalienare

281 992 349 1055 14,1
368 989 494 1045 liberabit
501 1008 555 1059 pro
567 988 705 1058 liberauit;
721 993 826 1047 similia

332 1078 367 1145 ef.
386 1077 583 1133 intumuere.
602 1079 652 1133 sub
671 1077 808 1148 ‘perfecta'

280 1164 367 1225 14,17
385 1162 515 1232 inperitus
529 1181 583 1233 pra
601 1164 669 1218 ritus

280 1251 350 1315 16,5
369 1247 542 1319 depraedetur
560 1268 614 1319 pro
633 1249 810 1320 depraedatur

279 1339 368 1401 16,15
398 1336 454 1389 dies
482 1340 510 1390 41
538 1340 659 1406 tempora
684 1355 738 1408 pro
768 1338 825 1392 dies

330 1426 452 1493 tempora

281 1512 321 1575 17,
352 1510 458 1565 711444
471 1528 526 1580 pra
544 1509 612 1565 tinia

279 1600 367 1661 17,18
386 1599 523 1665 expectent
535 1613 589 1665 pro
608 1598 747 1666 expectant

281 1685 320 1748 18,
334 1686 350 1738 6
368 1682 494 1752 Apollion
506 1701 561 1753 pro
579 1682 710 1752 Apelleon

280 1771 320 1835 18,
332 1770 366 1825 22
385 1769 500 1824 stultitia
514 1788 567 1840 pro
586 1769 716 1824 stultitiae

280 1859 320 1921 18,
333 1858 367 1911 89
386 1873 399 1911 4
418 1858 490 1911 terre
503 1874 557 1926 pra
576 1859 603 1910 et
621 1857 678 1910 fera

280 1946 348 2008 19,1
371 1944 504 2012 parturiat
525 1960 579 2013 pro
605 1944 756 2012 parturiens
779 1943 824 2013 (ef.

330 2032 372 2095 85,
386 2032 416 2085 11
435 2028 576 2099 proferatis
584 2047 638 2099 pro
650 2030 826 2099 proferentes)

280 2119 319 2181 19,
333 2119 349 2172 9
368 2116 519 2185 cooperiant
533 2133 587 2185 pro
605 2117 740 2185 cooperiat

277 2206 320 2269 20,
332 2204 365 2259 23
378 2205 457 2256 utoe
472 2203 555 2257 simus
569 2221 623 2274 pra
642 2207 670 2259 et
685 2222 826 2260 msnmus

278 2292 319 2356 23,
332 2293 349 2346 2
361 2288 550 2359 sacrilegorum
557 2308 611 2360 pro
625 2291 826 2362 sacrilegiorum

277 2379 319 2441 23,
327 2375 827 2448 14Patripassiana1srePatrepassiana

279 2465 321 2528 23,
335 2465 369 2518 23
387 2462 498 2517 44141444
513 2481 567 2534 pro
586 2467 647 2518 ante
665 2466 716 2519 hoe

277 2553 349 2614 24,2
367 2551 517 2604 maledictis
531 2569 585 2621 pro
604 2552 740 2607 maledieti

277 2639 350 2702 25,2
367 2638 429 2706 igne
443 2656 497 2708 pro
516 2637 586 2706 ignis

278 2726 350 2789 26,2
368 2725 406 2778 414
421 2743 474 2795 pra
493 2724 516 2778 si

277 2812 319 2875 28,
333 2812 366 2866 26
384 2811 451 2865 44144
470 2813 496 2865 41
514 2811 590 2865 uerbi
608 2828 673 2881 opus
686 2830 741 2882 pra
760 2813 826 2867 seire

330 2896 412 2952 uerbi.
441 2896 514 2967 Opus

277 2986 349 3049 29,8
366 2985 528 3053 potestatem
541 3003 596 3055 pro
614 2985 742 3054 pietatem

278 3073 366 3136 29,15
385 3070 518 3125 Barbelon
532 3089 586 3141 pra
605 3070 732 3125 Barbilon

277 3159 366 3221 3013
384 3156 535 3225 profetatnr
548 3176 602 3228 pra
619 3158 771 3228 proferatur

277 3245 365 3308 31,17
384 3259 478 3298 uerum
492 3263 546 3314 pra
565 3261 628 3300 nero

276 3332 365 3394 32,16
382 3329 525 3399 profetiam
537 3332 679 3402 (Roensah)
693 3351 747 3403 pro
766 3349 828 3403 pro·

328 3416 408 3470 fatiae

275 3507 364 3570 87,19
383 3504 484 3572 ingenii
501 3532 537 3552 ω
553 3504 636 3560 studii
650 3523 704 3575 pro
716 3507 826 3576 ingenia

328 3591 467 3645 metudie

275 3681 317 3744 38,
331 3681 365 3734 24
383 3678 442 3748 quis
455 3678 484 3732 in
496 3676 580 3732 Ofitas
594 3697 648 3749 pro
667 3680 727 3748 quis
740 3680 826 3736 Ofitas

276 3768 318 3830 39,
332 3768 366 3821 20
385 3764 523 3819 dimiserat
536 3783 590 3834 pro
608 3765 752 3822 demiserat

276 3854 364 3917 41,11
385 3854 412 3905 41
425 3869 479 3921 pro
498 3854 529 3906 41

274 3941 365 4003 43,12
384 3936 477 3991 diebus
490 3955 545 4007 pro
564 3939 592 3992 in
611 3939 704 3994 diebus

274 4027 365 4090 44,18
383 4040 490 4078 omnem
509 4025 541 4079 de
555 4043 609 4096 pro
628 4042 735 4080 omnem
753 4030 780 4081 et
794 4027 826 4081 de

276 4114 318 4177 45,
331 4114 365 4167 20
383 4110 465 4164 fidem
485 4112 533 4165 deo
547 4130 601 4183 pro
620 4112 702 4166 fidem
721 4113 749 4166 in
768 4113 817 4166 deo

277 4200 319 4262 46,
334 4201 349 4254 7
367 4198 481 4252 14144144
495 4217 549 4269 pro
568 4200 653 4254 iustae

279 4287 321 4351 46,
334 4287 368 4342 20
387 4285 530 4340 asinariam
542 4285 650 4341 in'eollo
663 4285 719 4341 eins
732 4289 759 4341 et
772 4304 827 4357 pro

331 4389 366 4429 as.
385 4375 412 4426 et

878 646 967 710 48,17
987 644 1079 699 eolnnt
1092 661 1147 713 pre
1164 642 1261 698 uolunt

878 734 921 796 40,
935 733 969 788 26
986 734 1015 785 41
1032 730 1211 799 euangelistae
1229 729 1318 785 uerbis
1332 748 1385 801 pro
1397 734 1425 786 41

931 818 960 871 in
977 834 1018 872 en.
1036 817 1110 872 nerb.

878 906 921 968 49,
933 907 967 960 29
985 904 1113 959 inseritur
1127 922 1180 975 pro
1198 904 1332 959 inseratur

879 994 950 1055 50,3
974 993 1021 1044 ant
1045 1006 1137 1045 eorum
1163 991 1278 1059 qualiter
1299 1009 1353 1062 pro
1379 994 1425 1046 ant

931 1077 1045 1146 qualiter
1063 1077 1187 1146 (Brandt)

878 1166 950 1230 52,4
967 1162 1072 1217 uideret
1092 1166 1138 1220 uel
1154 1164 1294 1219 inuaderet
1312 1182 1366 1236 pro
1384 1164 1424 1218 in-

932 1250 1037 1304 uideret

879 1339 921 1406 52,
933 1340 965 1394 21
986 1336 1084 1391 4411441
1096 1355 1151 1407 pro
1169 1338 1296 1392 retineret

878 1426 921 1489 52,
933 1426 967 1479 25
985 1426 1041 1477 esto
1055 1442 1109 1494 pro
1128 1426 1169 1478 est
1186 1423 1322 1494 (Eussner)
1392 1467 1396 1473 .

879 1511 1134 1580 &mmmm

879 1600 951 1661 55,6
968 1596 1090 1651 inuideat
1102 1615 1156 1668 pro
1175 1597 1281 1652 inuidet

871 1686 921 1748 ·56,
935 1686 967 1740 19
985 1684 1112 1752 leguntur
1126 1702 1183 1754 pro.
1197 1683 1292 1752 legunt

908 1799 940 1809 —
983 1770 1065 1824 etiam
1083 1786 1149 1839 qnae
1163 1788 1217 1840 pra
1237 1787 1304 1841 qnae
1322 1772 1402 1827 etiam

878 1859 967 1922 57,12
986 1856 1116 1926 naufrago
1130 1876 1184 1929 pro
1203 1857 1342 1927 naufragio

879 1944 920 2007 58,
934 1946 949 1998 7
968 1946 1073 1997 4441444
1086 1961 1141 2013 pro
1160 1948 1262 1998 uestros

878 2033 920 2095 59,
934 2033 966 2086 11
985 2029 1118 2099 pupillum
1141 2030 1269 2086 41144111.
1288 2048 1343 2102 pra
1361 2047 1422 2100 pup.

931 2117 993 2171 inst,

879 2205 968 2269 60,18
985 2207 1017 2258 41
1036 2204 1087 2258 4141
1100 2222 1154 2274 pre
1172 2207 1204 2259 nt
1221 2205 1244 2259 si

879 2293 968 2355 61,10
986 2291 1054 2344 41411
1067 2309 1122 2361 pro
1140 2291 1207 2346 nieit

879 2377 1015 2441 621814
1032 2378 1110 2431 initio
1123 2396 1178 2448 pro
1196 2379 1273 2432 initio

879 2467 968 2528 6419
987 2465 1030 2518 441
1044 2482 1097 2534 pro
1117 2465 1191 2519 euius

880 2555 951 2618 69,8
968 2552 998 2606 14
1015 2551 1092 2606 44014
1106 2569 1160 2622 pro
1178 2552 1207 2605 in
1224 2568 1272 2606 nos

880 2642 921 2704 69,
935 2641 968 2695 12
985 2655 1042 2707 snp.
1053 2639 1187 2692 uirtutum
1196 2639 1298 2694 indices
1306 2658 1361 2711 pre
1369 2655 1425 2708 sup.

931 2725 1033 2780 indices

880 2814 921 2878 71,
934 2815 969 2868 24
987 2815 1084 2866 natura
1093 2811 1231 2866 claudetur
1239 2812 1365 2882 qnoniam
1373 2830 1426 2882 pro

933 2902 987 2953 nat.
1007 2914 1085 2967 quon.

881 2987 922 3050 72,
936 2988 952 3041 8
971 2986 999 3038 14
1016 2985 1075 3053 lege
1087 2986 1186 3040 ueteris
1204 2986 1360 3041 testamenti
1376 3004 1426 3056 pro

932 3075 961 3127 in
968 3075 1056 3128 441444
1062 3075 1223 3127 testamento
1233 3074 1279 3143 (af.
1285 3091 1349 3144 app.
1357 3074 1427 3140 crit.)

881 3163 953 3225 73,2
971 3160 1000 3213 14
1017 3159 1132 3214 salntem
1146 3178 1199 3230 pro
1218 3160 1247 3214 in
1265 3160 1350 3214 salute

880 3249 970 3312 76,14
987 3246 1056 3300 nihil
1073 3246 1228 3301 huiusmodi
1242 3264 1295 3316 pro
1313 3245 1382 3300 nihil
1399 3245 1428 3298 in

933 3334 1088 3387 huiusmodi

882 3425 952 3487 79,5
970 3421 999 3474 14
1011 3437 1100 3475 annuo
1113 3435 1224 3474 numero
1238 3438 1292 3491 pro
1311 3419 1340 3473 in
1358 3434 1427 3472 anno

933 3524 1006 3561 num.
1025 3507 1149 3577 (Brandt)

878 3597 919 3658 80,
933 3595 949 3650 3
962 3593 1159 3647 obaudiendum
1172 3592 1236 3647 fidei
1248 3596 1274 3646 41
1282 3610 1336 3662 pra
1348 3591 1390 3646 ob.
1401 3594 1428 3645 et

878 3683 966 3746 83,15
984 3681 1060 3735 uelut
1072 3700 1126 3752 pro
1145 3681 1189 3735 uel
1206 3679 1349 3748 (Reenseh)

879 3771 968 3833 84,12
989 3768 1059 3822 41441
1073 3787 1126 3839 pro
1146 3768 1184 3822 sia
1202 3770 1229 3822 et

879 3857 969 3919 8614
987 3855 1163 3908 inluminatur
1176 3872 1230 3924 pro
1249 3852 1393 3907 inluminet

880 3944 952 4006 87,3
970 3940 1019 3994 etsi
1034 3959 1088 4010 pre
1107 3941 1130 3993 si

879 4030 966 4092 88,11
986 4027 1088 4096 peceati
1101 4045 1155 4097 pro
1174 4025 1289 4096 peccatis

879 4116 950 4179 93,3
968 4116 1000 4167 41
1013 4131 1067 4183 pro
1085 4116 1112 4168 et

878 4203 967 4266 93,17
986 4216 1071 4269 neque
1095 4201 1202 4254 exordio
1219 4217 1274 4269 pro
1297 4216 1382 4268 neque
1399 4199 1429 4253 in

933 4286 1039 4340 exordio

881 4376 952 4440 94,9
971 4389 1075 4442 semper
1087 4391 1142 4443 pra
1161 4371 1195 4428 se'
1214 4389 1262 4442 per
