3175 5075
642 560 809 611 tractatus
828 558 849 611 1.
930 561 932 567 ’
1274 540 1316 603 33

173 719 206 779 et
226 716 386 799 apostolus
406 715 485 779 nulli
506 715 656 798 loquendi
678 716 717 779 de
738 716 794 779 deo
812 716 870 779 iter
893 715 1042 779 claudens
1059 734 1132 778 eum
1155 716 1194 779 ad
1209 714 1317 798 plebes

173 819 289 901 quibus
309 816 529 905 praetidieabat
549 818 713 885 scriberet:
737 820 911 904 potestis,
930 819 1051 902 inquid,
1074 819 1219 903 singuli
1242 818 1320 901 qui·
1343 827 1383 882 40

173 943 243 1006 que
259 925 459 1008 profetam,
482 928 664 989 utomnes
688 925 839 989 discant
862 927 1040 988 etomnes
1064 915 1320 1005 exhortentur,

174 1030 230 1093 sed
254 1032 285 1093 et
301 1028 389 1093 alibi:
415 1029 575 1112 spiritus
597 1030 830 1113 profetarum
852 1028 1013 1113 profetis
1037 1027 1200 1093 subiecti
1223 1031 1321 1110 sunt,

145 1137 212 1198 sut
239 1134 292 1217 qui
320 1134 376 1198 deo
400 1134 525 1199 Christo
553 1135 693 1199 crederet
718 1134 897 1218 profetandi
925 1134 962 1197 de
990 1134 1047 1198 deo
1070 1133 1321 1217 desperationem

172 1239 208 1303 in
232 1258 267 1303 eo
290 1238 372 1320 quod
396 1239 542 1304 omnibus
566 1240 630 1303 suis
653 1239 842 1323 promiserat
864 1257 926 1303 non
949 1238 1089 1303 haberet.

218 1344 259 1408 ut
274 1344 353 1425 ideo,
376 1343 553 1409 beatissimi
570 1345 756 1425 sacerdotes,
781 1344 808 1408 si
824 1344 1033 1423 satisfactum,
1056 1343 1215 1408 damnatis
1231 1343 1321 1407 here-

174 1448 263 1513 sibus
288 1452 319 1512 et
342 1448 541 1532 dogmatibus
565 1452 597 1513 et
612 1448 685 1513 fidei
709 1449 852 1531 expedita
875 1448 1080 1529 obseratione,
1104 1451 1136 1513 et
1151 1449 1208 1513 deo
1230 1452 1322 1533 puta-

173 1554 217 1618 tis
253 1556 285 1617 et
310 1552 415 1632 uobiS,
444 1554 554 1617 dantes
586 1552 803 1617 testimonium
830 1552 958 1617 ueritati
991 1552 1111 1617 inuidia
1141 1572 1199 1618 nos
1230 1553 1321 1618 mali·

129 1679 159 1717 10
173 1658 266 1722 uolae
282 1656 520 1721 obtrectationis
544 1657 698 1721 absoluite
715 1661 746 1722 et
765 1658 936 1722 referentes
957 1658 997 1721 od
1016 1658 1130 1721 fratres
1146 1661 1269 1723 uestros
1285 1677 1322 1723 ea

173 1780 256 1845 quae
276 1762 500 1826 maledicorum
521 1764 595 1826 sunt
614 1762 718 1827 uerbis
735 1767 850 1827 uexata
871 1766 991 1843 sanate,
1011 1760 1016 1847 1
1035 1763 1186 1845 quoniam
1200 1764 1320 1828 fruetus

172 1868 261 1931 uitae
285 1870 333 1931 est
354 1867 480 1951 probari
502 1866 541 1931 ab
565 1867 614 1931 his
635 1867 689 1950 qui
711 1866 807 1931 fidem
830 1868 897 1932 neri
919 1871 1083 1965 expetunt,
1107 1886 1170 1932 non
1193 1870 1247 1950 qui
1263 1868 1320 1932 sub

172 1972 303 2037 nomine
326 1972 543 2055 religiosorum
567 1972 755 2036 domesticas
779 1972 960 2037 inimicitias
983 1977 1222 2056 persequuntur.

281 2162 337 2218 21.
357 2162 416 2219 Cor.
437 2164 477 2227 14,
497 2165 538 2219 31.
609 2164 627 2217 4
644 2162 709 2219 ibid.
728 2180 754 2217 u.
773 2165 815 2219 32.

283 2339 316 2393 12
334 2338 467 2393 Faustini
481 2338 650 2407 proabbates
668 2337 769 2406 (Migne
789 2338 830 2400 13,
843 2337 900 2404 79):
919 2336 965 2405 qui
983 2335 1032 2389 sub
1051 2336 1159 2390 nomine
1178 2337 1322 2391 catholicae

170 2424 238 2479 fidei
257 2424 341 2493 impia
359 2424 441 2478 uerba
460 2424 614 2478 defendunt.

219 2621 237 2675 8
262 2598 529 2686 assenaco'roe]
564 2617 597 2672 cf.
625 2617 725 2671 Archiv
754 2615 774 2671 f.
804 2617 851 2671 iat.
880 2617 940 2705 111.
968 2615 1008 2671 eo.
1031 2615 1153 2670 welfum
1178 2617 1235 2680 111,
1263 2619 1321 2673 324.

170 2780 188 2832 9
217 2734 442 2853 coelicolae,
464 2775 538 2843 eun
559 2766 601 2842 ῑε)
618 2774 665 2828 lin.
685 2773 735 2828 11.
813 2776 846 2830 10
864 2717 1060 2852 assureni,
1080 2776 1323 2841 1111111111-

170 2881 289 2950 script.?
362 2883 393 2935 12
414 2889 486 2938 0111
561 2881 594 2935 13
617 2881 679 2947 post
697 2877 908 2947 ‘persequuntur'
926 2879 992 2933 haee
1015 2877 1174 2948 subscriptio
1195 2877 1323 2931 occurrit:

204 2990 393 3078 exemero
416 2965 585 3048 moreio.¹
607 2988 728 3046 niuno
750 2965 999 3047 1111111111Ι
1022 2964 1261 3047 missorum*
1282 2981 1292 3070 t}
