3175 5075
646 522 814 573 tractatus
833 520 863 573 V.
1286 500 1329 565 65

182 696 267 741 nam
291 696 385 760 quae
415 697 486 742 non
510 678 689 741 uidentur
717 681 882 742 aeterna.
921 678 1220 743 Animaduertentes
1243 679 1328 742 enim

182 800 311 845 sensum
343 783 445 846 lectae
474 782 617 846 lectionis
648 782 795 845 dicentis:
831 783 868 845 in
898 782 1087 865 principio
1117 782 1209 846 feeit
1239 783 1328 846 deus

182 887 327 949 caelum
358 890 394 950 et
424 890 578 966 terram,
610 887 721 951 scitote
753 886 860 949 omnia
890 886 1118 949 deumfeoisse
1142 887 1330 968 quaefacta

183 994 313 1054 suntet
344 992 504 1074 oonpaotis
528 988 619 1077 inliter
650 1010 683 1055 se
707 990 892 1054 aelementis
920 991 1087 1055 solidatam
1110 992 1190 1055 caeli
1220 995 1327 1056 exten·
1352 997 1391 1050 86

153 1096 267 1158 edisse
299 1100 446 1160 naturam
475 1096 582 1177 sieque
612 1116 672 1159 usu
704 1097 783 1159 aeris
819 1099 987 1158 uentorum
1016 1095 1225 1179 potestatibus
1256 1096 1328 1159 dato

182 1200 411 1283 quadripertita
443 1203 621 1284 temporum
645 1201 713 1264 uioe
738 1201 813 1263 anni
837 1218 946 1263 cursus
970 1202 1002 1263 et
1025 1200 1189 1263 stellarum
1211 1200 1328 1264 consti-

182 1307 268 1367 tutas
292 1304 523 1387 dispositiones
563 1303 644 1369 Cum
668 1305 753 1368 enim
776 1304 910 1368 uerbum
933 1304 1059 1367 diuinae
1082 1304 1208 1368 uirtutis
1232 1322 1328 1387 appa-

180 1410 246 1472 ruit
262 1409 381 1472 dicens:
404 1410 476 1473 fiat
491 1410 562 1491 lux,
580 1410 727 1474 uniuersa
742 1427 822 1492 quae
839 1412 929 1473 erant
944 1408 1144 1473 intenebrata
1158 1411 1329 1492 patuerunt

182 1517 215 1577 et
235 1518 324 1578 nocte
341 1514 481 1597 uesperis
506 1513 544 1577 ab
570 1515 734 1597 splendore
757 1515 837 1577 lucis
861 1514 972 1594 diuisa,
994 1514 1127 1598 singulis
1151 1513 1328 1596 quibusque

138 1633 166 1671 10
181 1617 276 1681 rebus
300 1618 332 1682 in
355 1620 460 1684 locum
484 1619 629 1701 dispositi
652 1619 770 1682 ordinis
795 1618 978 1702 segregatis
1006 1622 1090 1683 terra
1113 1618 1247 1682 solidata
1270 1622 1327 1698 est,

182 1726 219 1785 ut
235 1723 384 1786 alterutro
408 1725 654 1788 aelementorum
671 1724 846 1788 ministerio
866 1728 1084 1807 praecurrente
1107 1720 1233 1809 paritita
1248 1726 1328 1786 tem-

181 1844 295 1909 porum
321 1828 389 1891 uice
413 1846 507 1891 usum
535 1829 678 1911 dispositi
706 1828 807 1911 operis
837 1829 949 1911 spiritu
979 1829 1064 1892 uitae
1095 1828 1236 1892 animata
1257 1845 1328 1910 pro-

181 1931 293 2011 ferret,
329 1951 391 1995 non
426 1934 509 2015 quod
544 1936 627 1997 terra
661 1934 713 1997 uel
751 1934 874 1997 caelum
909 1936 963 1996 aut
998 1933 1080 1996 datis
1116 1951 1152 1995 er
1187 1932 1327 2015 cognatis

182 2035 369 2100 aelementis
399 2037 565 2121 terrigenis
589 2036 817 2120 principatibus
841 2036 970 2119 spiritus
998 2036 1139 2119 propriae
1162 2036 1327 2119 potestatis

139 2154 166 2194 1⁵
183 2140 303 2221 aliquid
327 2142 490 2223 acceperit,
523 2142 577 2205 sed
601 2145 636 2205 ut
659 2161 765 2206 rerum
789 2141 921 2205 materia
948 2144 1132 2224 praeparata
1156 2158 1258 2204 sermo
1281 2140 1328 2203 di-

182 2244 276 2309 uinus
300 2244 439 2309 iacturae
462 2264 539 2328 opus
563 2247 684 2310 intrans
706 2246 897 2328 sapientium
920 2248 1158 2328 praeceptorum
1180 2244 1329 2308 inst'tuta

182 2349 352 2431 conploret,
377 2354 487 2413 tenens
512 2351 615 2413 forum
639 2351 755 2414 saeculi
779 2350 812 2413 in
835 2350 1052 2414 habitaculum
1067 2349 1231 2413 hominum
1254 2367 1328 2413 con-

183 2453 342 2517 stitutum.
368 2454 511 2536 Denique
526 2455 576 2518 his
593 2455 739 2519 omnibus
755 2473 836 2537 quae
852 2456 1048 2519 conuersatio
1064 2455 1174 2518 mundi
1189 2454 1328 2539 possidet

183 2560 387 2623 secundum
410 2579 528 2643 genus
552 2579 658 2624 suurn
674 2561 765 2626 laetis
782 2558 983 2646 hollminem
1007 2561 1050 2624 ad
1073 2561 1275 2644 imaginem
1292 2563 1327 2623 et
1350 2573 1389 2627 87

137 2665 472 2729 assimilitudinem
503 2684 606 2729 suam
637 2665 726 2730 deus
757 2666 851 2730 lecit
885 2669 1073 2749 acceptoque
1097 2666 1179 2745 ¹limo
1210 2665 1327 2729 terreni

181 2768 358 2833 habitaculi
380 2773 524 2834 nostrum
547 2788 658 2854 corpus
675 2771 840 2852 animarit,
863 2774 900 2834 ut
915 2771 1041 2835 domino
1064 2789 1170 2835 rerum
1185 2770 1327 2834 omnium

180 2873 309 2936 homine
340 2875 516 2957 praeposito
546 2875 579 2938 in
611 2892 646 2938 eo
678 2875 848 2940 sabbatum
877 2876 958 2939 idest
980 2875 1121 2957 requiem
1152 2892 1242 2938 suam
1272 2892 1327 2956 po-

181 2981 281 3058 neret,
312 2977 366 3041 ubi
396 2979 570 3062 imaginem
601 2998 690 3044 suam
723 2982 755 3043 et
785 2979 1025 3043 similitudinem
1056 2981 1261 3062 corporasset,
1291 2996 1327 3041 ac

180 3085 255 3164 post
270 3082 397 3146 traduce
414 3087 527 3147 natura
549 3083 722 3166 hospitium
739 3085 897 3167 corporale
920 3083 1014 3147 homo
1038 3102 1074 3146 ex
1094 3083 1222 3146 homine
1237 3101 1327 3166 prae-

134 3219 165 3258 25
181 3204 311 3250 sumens
336 3205 406 3250 caro
430 3192 611 3252 nasceretur
635 3207 670 3252 en
694 3207 798 3269 carne,
829 3189 945 3271 inquo
969 3188 1149 3252 constitutis
1173 3186 1263 3251 nobis
1295 3191 1326 3251 et

180 3290 362 3354 diuinorum
378 3292 599 3356 mandatorum
612 3293 699 3356 iussa
715 3293 908 3357 sectantibus
922 3294 1031 3357 mundi
1046 3312 1124 3376 opus
1140 3296 1173 3356 et
1185 3297 1326 3357 terrenae

178 3396 332 3461 materiae
347 3393 350 3481 1
365 3399 511 3460 naturam
525 3397 698 3461 castificata
714 3415 784 3461 caro
801 3398 951 3478 uinceret,
967 3395 1026 3483 <etl
1040 3398 1134 3461 homo
1150 3398 1326 3461 ministerio

180 3500 300 3563 saeculi
330 3518 405 3563 usus
429 3519 492 3565 non
523 3502 796 3584 concupiscentiae
823 3503 987 3567 uoluntate
1018 3503 1167 3585 deceptus
1195 3501 1327 3566 haberet

178 3775 202 3830 G
286 3689 390 3744 2Gen.
414 3694 436 3755 1,
461 3694 483 3746 1.
567 3691 677 3748 8Gen.
702 3694 724 3756 1,
747 3694 770 3746 3.
855 3695 888 3748 la
916 3692 981 3747 Gen.
1005 3695 1028 3756 l,
1051 3695 1093 3748 21.
1175 3691 1325 3761 hominem]

206 3791 247 3829 en.
263 3777 286 3840 1,
299 3778 341 3830 27.

222 4022 239 4073 2
261 3975 351 4080 [εετΑε
429 3959 674 4097 asebdana),
695 4021 766 4088 ton
787 4015 837 4087 br)
854 4038 920 4075 eras.
993 4024 1009 4075 6
1027 3961 1219 4100 sullanum,
1243 4034 1323 4082 ren

176 4177 287 4246 corruo)
358 4181 373 4232 r
394 4159 670 4259 brsposrrro'rom,
688 4189 698 4237 r
714 4194 743 4229 ex
760 4188 767 4235 ι
784 4194 849 4231 corr.
924 4182 940 4233 9
957 4137 1148 4262 υεερεκὲε,
1166 4180 1237 4245 elin
1253 4184 1327 4246 aes)

176 4355 244 4390 eras,
309 4337 342 4390 12
357 4293 610 4419 dlSpOIliblfin
629 4338 701 4418 pot)
718 4334 764 4387 lin.
779 4333 830 4388 del.
903 4338 934 4390 17
951 4327 1073 4396 Ionum
1131 4339 1165 4391 24
1179 4345 1323 4421 ρκΑεΞυ

176 4421 429 4517 (ῸΕΝεεΙςΑκο,
450 4450 468 4498 c
487 4439 516 4492 in
533 4456 626 4493 uersus
644 4440 697 4493 fine
716 4456 781 4494 eras.
835 4443 869 4495 25
890 4441 969 4522 quo]
982 4441 1022 4494 ita
1039 4439 1100 4498 cod.
1151 4444 1185 4495 27
1201 4452 1237 4503 εῐ
1251 4442 1326 4495 deest

229 4563 305 4602 XVIII.
322 4561 416 4602 Priscill.
1152 4553 1168 4598 ὃ
