3175 5075
268 515 330 579 104
733 529 945 584 eraserimus

266 694 297 753 te
320 691 402 772 quod
431 690 642 773 praestantius
665 688 723 753 tibi
745 688 890 752 uideatur
919 688 1068 768 ostendis,
1100 692 1132 753 et
1153 688 1298 770 quamuis
1323 706 1412 751 mens

266 797 373 858 nostra
395 794 621 877 inexplicabilis
645 794 879 877 intellegentiae
901 811 979 875 opus
1003 792 1135 857 moliens
1157 792 1241 857 intra
1255 792 1412 855 humanae

266 896 478 962 inbecillitatis
510 898 673 962 olaudatur
702 915 815 977 errore,
845 897 973 961 unioum
1003 901 1110 961 tamen
1138 896 1175 960 de
1198 899 1230 960 to
1249 896 1413 979 religiosae

268 1003 441 1067 sententiae
472 1002 600 1066 modum
625 998 628 1087 l
653 1002 812 1085 profetiois
839 1000 969 1065 nooibus
992 1000 1226 1085 adpraehendit,
1258 1001 1339 1082 quod
1370 1001 1413 1063 sie

267 1110 298 1169 te
328 1125 426 1170 unum
458 1106 549 1170 deum
581 1107 613 1171 in
643 1105 789 1171 omnibus
822 1106 979 1185 nouimus,
1009 1108 1045 1169 ut
1074 1105 1196 1169 nullum
1227 1122 1290 1169 non
1319 1105 1351 1167 in
1382 1107 1413 1167 te
1437 1131 1448 1167 s

268 1229 368 1292 neque
399 1212 498 1275 ullum
523 1214 609 1275 entra
631 1214 662 1275 te
692 1212 796 1275 loeum
825 1215 857 1274 et
878 1211 952 1274 faeti
976 1213 1008 1274 et
1038 1210 1194 1293 operantis
1224 1208 1412 1283 habeamus;

268 1315 373 1396 sieque
396 1334 467 1378 eum
498 1315 595 1380 habes
619 1316 719 1398 adque
742 1315 868 1379 haberis
891 1333 993 1396 neque
1016 1317 1102 1379 entra
1131 1316 1233 1378 totum
1256 1314 1288 1381 iu
1312 1316 1413 1395 aliquo

268 1437 369 1500 neque
393 1439 454 1484 non
476 1420 509 1484 in
525 1420 671 1484 omnibus
695 1420 854 1484 inueniris.
890 1419 929 1483 In
951 1422 982 1484 te
1006 1419 1090 1483 enim
1114 1422 1146 1483 et
1166 1438 1223 1501 per
1245 1421 1277 1482 te
1296 1437 1413 1501 prooes-

268 1542 360 1586 suum
391 1527 456 1588 tota
477 1523 668 1606 procuratio:
699 1528 733 1588 tn
756 1525 933 1588 animarum
960 1527 1060 1607 pater,
1089 1526 1124 1587 tn
1147 1523 1243 1587 frater
1265 1522 1350 1603 filiis,
1381 1526 1412 1586 tu

267 1627 350 1691 lilius
367 1628 525 1709 fratribus
548 1632 581 1691 tu
607 1630 713 1693 eleetis
729 1616 859 1709 amiens,
883 1631 916 1692 tu
940 1626 1222 1712 propinquantibus
1245 1626 1413 1711 proximus,
1429 1653 1450 1690 ro

186 1741 245 1796 144
269 1735 303 1795 tu
324 1733 461 1815 operatio
478 1734 653 1816 spirituum,
675 1736 708 1797 tu
728 1730 927 1816 prinJJeipium
944 1732 1212 1815 archangelorum,
1234 1733 1267 1795 tu
1288 1731 1414 1815 angelo

268 1856 338 1900 rum
354 1855 442 1919 opus,
459 1841 492 1901 tu
508 1836 720 1901 uirtutifieatio
737 1840 804 1901 tota
818 1836 972 1900 uirtutum
988 1856 1032 1916 es,
1055 1855 1112 1919 per
1128 1839 1159 1900 te
1175 1836 1327 1918 disposita
1342 1839 1415 1898 sunt

268 1960 363 2024 opera
392 1945 585 2022 onnetorum,
617 1944 651 2005 tu
675 1942 860 2005 distineristi
891 1942 1086 2024 singularum
1115 1959 1221 2004 rerum
1248 1943 1355 2023 partes
1384 1943 1415 2003 et

268 2046 350 2110 inter
372 2066 406 2109 se
430 2047 586 2110 elementa
608 2047 800 2130 oonpingens
829 2045 1019 2129 disciplinati
1042 2046 1144 2129 operis
1166 2044 1319 2109 terminos
1342 2063 1414 2108 oon-

268 2150 387 2230 loeasti,
418 2150 496 2214 dans
519 2152 552 2215 in
575 2151 619 2214 eis
644 2151 788 2234 spiritum
812 2150 906 2230 uitae,
938 2153 982 2229 ut,
1010 2168 1091 2232 quae
1114 2149 1173 2213 etsi
1196 2169 1233 2214 en
1256 2168 1290 2213 se
1313 2149 1413 2212 faeere
1427 2176 1450 2214 1⁵

269 2254 313 2317 nil
337 2258 475 2337 possent,
498 2255 712 2338 magnitudine
735 2258 842 2319 tamen
863 2256 1020 2337 operantis
1045 2254 1183 2318 animata
1205 2254 1413 2318 ministerium

270 2358 425 2441 deligatae
448 2378 503 2443 per
526 2362 557 2423 te
580 2360 738 2423 seruitutis
761 2359 926 2443 inplerent.
957 2359 999 2423 ut
1019 2358 1169 2441 posthaee
1191 2359 1361 2442 respiciens
1383 2358 1413 2421 in

270 2466 386 2526 terram
417 2464 548 2527 eduxisti
579 2463 716 2528 animam
747 2464 869 2539 uiuam3
902 2460 1011 2548 quael
1036 2464 1095 2527 etsi
1125 2482 1161 2527 en
1192 2482 1226 2526 se
1255 2464 1324 2546 ipsa
1354 2480 1413 2526 non

271 2572 365 2649 esset,
388 2572 505 2648 tamen,
529 2589 568 2632 ne
590 2587 708 2633 naeuus
733 2572 817 2633 esset
840 2569 900 2652 [et]
926 2587 1029 2633 sermo
1051 2569 1220 2652 praecepti,
1242 2566 1298 2631 ubi
1318 2568 1412 2632 iussio

271 2677 325 2737 tua
347 2673 471 2737 initium
503 2693 608 2737 eomrn
632 2693 712 2755 quae
743 2693 805 2738 non
829 2677 918 2738 erant
940 2675 1010 2754 fuit,
1041 2673 1229 2738 animatione
1258 2673 1413 2756 praecepti
1426 2699 1451 2738 ro

270 2778 400 2860 protulit
422 2780 504 2842 terra
526 2777 608 2859 quod
630 2778 699 2861 ipsa
721 2797 783 2842 non
806 2778 926 2842 habuit.
966 2778 1007 2842 Et
1028 2777 1123 2842 iussio
1145 2780 1201 2841 tua
1221 2778 1255 2840 in
1285 2795 1413 2860 appara·

270 2880 382 2944 bilium
404 2882 487 2946 faeta
517 2885 628 2946 natura
652 2885 709 2962 est,
740 2886 776 2946 ut
799 2903 835 2946 en
857 2883 954 2947 nihilo
984 2901 1061 2966 opus
1088 2881 1249 2965 proferens
1278 2882 1413 2964 primum

270 2985 464 3069 inoonposita
492 2990 523 3050 et
544 2985 741 3050 intenebrata
762 2991 918 3070 parerent,
949 2990 1059 3069 postea
1079 2985 1314 3051 insensibilibus
1345 3005 1413 3050 sen-

272 3089 468 3170 sibilitatem,
498 3088 671 3155 tenebrosis
701 3092 821 3172 uisum,
851 3091 952 3155 brutis
983 3091 1161 3172 odoratum,
1191 3108 1304 3154 sonum
1332 3090 1413 3154 duris

190 3207 248 3261 145
274 3198 307 3258 et
327 3193 487 3258 obduratis
505 3194 705 3259 distribueres
729 3195 880 3275 auditum,
903 3199 939 3259 ut
960 3194 1076 3277 ubique
1091 3192 1101 3280 ll
1116 3198 1147 3260 te
1170 3198 1333 3280 praestans
1349 3213 1414 3258 ma·
1426 3222 1450 3260 a

272 3298 385 3362 teriam
401 3318 517 3379 rerum,
540 3317 634 3381 quam
651 3300 746 3364 iussio
762 3301 935 3384 protulerat
949 3300 1128 3380 informem,
1151 3300 1184 3365 in
1200 3319 1294 3364 usum
1315 3299 1413 3383 operis

379 3491 391 3543 1
416 3489 555 3558 Hilooa'ua,
578 3489 611 3544 de
633 3491 696 3546 tria.
715 3491 787 3559 1,7.·
810 3489 843 3544 ef.
863 3507 888 3560 p.
907 3493 939 3546 57
958 3489 1016 3559 (ubi
1035 3489 1116 3545 etiam
1133 3490 1204 3560 apud
1221 3490 1305 3546 Priso.
1318 3489 1413 3559 legitur

275 3573 354 3629 ‘intra
372 3573 515 3644 errorem').

317 3769 333 3822 3
352 3748 500 3836 eRRO'Re]
519 3766 573 3821 uid.
593 3784 673 3836 supra
690 3785 715 3838 p.
733 3771 774 3834 20,
794 3771 839 3832 13;
857 3771 898 3833 71,
912 3771 941 3831 9;
959 3772 1031 3834 75,2
1125 3773 1141 3824 7
1162 3723 1412 3851 Νεῆϋεέξωυλ,

273 3874 325 3928 litt.
346 3882 365 3934 ε
384 3873 563 3942 superscripta
587 3872 654 3928 falso
677 3874 774 3927 ilerum
792 3877 892 3944 puncto
911 3873 961 3928 del.
1050 3878 1142 3962 ⁸1⁶¹]
1212 3876 1245 3930 10
1265 3867 1413 3951 electus,

273 3977 346 4046 prior
368 3993 429 4046 pars
452 3976 504 4032 litt.
535 3987 556 4036 υ
586 3994 651 4032 eras.
725 3981 756 4034 12
785 3959 996 4061 bosposrtas,
1027 3988 1046 4041 ε
1073 3981 1173 4049 puneto
1197 3977 1247 4032 del.
1325 3980 1358 4034 13
1383 3967 1413 4039 bl

273 4090 478 4211 εῑιΝεξιεῑι,
491 4134 558 4200 s(in
568 4134 617 4201 (Β)
629 4133 675 4188 lin.
686 4133 750 4197 del.;
762 4133 796 4188 ol.
807 4138 849 4199 95,
860 4138 876 4190 2
931 4137 963 4192 18
973 4145 1111 4224 Quali)
1166 4139 1198 4192 19
1208 4145 1245 4198 ετ
1256 4133 1415 4190 delendum?

273 4241 331 4292 erat
343 4220 587 4322 praebemus,
606 4247 637 4298 rs
651 4253 716 4291 eras.
772 4241 804 4294 21
819 4241 934 4294 anicios
948 4222 1220 4323 apparituram
1274 4244 1308 4297 14
1323 4250 1415 4303 teme

275 4351 400 4402 aeonas
474 4346 507 4399 25
527 4343 600 4398 nolui
619 4347 686 4397 mue.
705 4344 734 4397 in
752 4354 941 4405 ootoeatrs
1020 4348 1055 4400 16
1073 4347 1131 4398 erat
1150 4328 1413 4427 amfonmebmo

217 4514 220 4519 ,
276 4455 398 4525 usum,
415 4447 509 4502 deinde
524 4458 560 4506 m
575 4451 636 4517 post
650 4458 708 4509 me
723 4449 792 4503 affix.
813 4452 840 4503 et
857 4451 885 4502 in
903 4465 974 4518 prox.
988 4466 1057 4502 nors.
1070 4450 1147 4504 initio
1166 4460 1202 4508 (1)
1218 4449 1282 4513 del.;
1300 4451 1333 4503 es.
1347 4451 1415 4513 98,2
