3175 5075
277 498 340 564 154
732 514 826 568 erun
851 512 960 568 brosii

273 675 410 756 corporis
443 675 522 739 caeli
557 675 649 757 signo
681 692 750 738 esse
784 674 936 755 disposita
968 673 1049 737 idest
1082 672 1214 737 arietem
1241 672 1274 735 in
1305 671 1418 753 capite,

273 782 399 842 taurum
428 779 461 843 in
490 778 621 857 ceruice,
651 779 795 862 geminos
821 778 853 841 in
877 776 1023 857 brachiis,
1053 795 1200 841 cancrum
1230 777 1263 839 in
1291 777 1419 857 pectore

274 886 306 945 et
327 886 442 963 cetera,
465 884 575 947 uolens
599 882 801 965 subintellegi
824 880 970 946 tenebras
993 885 1135 945 aeternas
1159 884 1190 945 ct
1213 899 1249 943 ex
1268 880 1319 943 his
1334 880 1419 961 priu-

273 988 375 1069 cipem
406 988 513 1051 mundi
542 986 743 1070 processisse,
773 990 806 1049 et
834 986 893 1050 hoc
923 987 1027 1069 ipsum
1057 986 1245 1049 confirmans
1274 1004 1311 1047 en
1338 984 1418 1049 libro

273 1092 408 1173 quodam
438 1092 491 1173 qui
520 1090 701 1155 inscribitur
730 1090 894 1155 ‘memoria
922 1091 1155 1173 apostolorum‘,
1189 1090 1243 1154 ubi
1278 1089 1456 1153 saluators

272 1196 456 1278 interrogari
483 1214 503 1259 a
533 1196 693 1277 discipulis
716 1194 841 1258 uidetur
872 1198 993 1259 secreto
1016 1197 1048 1258 et
1077 1195 1240 1259 ostendere
1263 1194 1300 1257 dc
1328 1211 1420 1275 para-

273 1297 345 1363 bola
368 1300 550 1382 euangelica
573 1317 651 1380 quae
681 1298 779 1363 hahet
802 1300 894 1364 exiit
917 1300 1108 1363 semineus
1132 1299 1318 1363 seminare
1345 1297 1419 1377 quia

273 1421 335 1467 non
365 1403 461 1467 fuerit
491 1404 661 1467 seminator
691 1402 803 1483 bonus,
834 1405 982 1468 adserens
1013 1404 1086 1485 quia
1109 1403 1137 1465 si
1166 1403 1267 1467 bonus
1294 1402 1418 1479 fuisset,

273 1526 336 1572 non
358 1508 472 1571 fuisset
503 1508 674 1592 neglegens
697 1510 749 1573 uel
779 1528 887 1573 secus
917 1509 1016 1572 uiam
1039 1507 1090 1570 uel
1112 1508 1149 1571 in
1178 1506 1343 1588 petrosis
1367 1506 1419 1569 uel

273 1613 311 1675 in
337 1612 494 1676 incultis
524 1612 641 1675 iaceret
670 1631 789 1692 semen,
821 1614 929 1677 uolens
953 1612 1093 1695 intellegi
1124 1611 1208 1675 hunc
1231 1629 1300 1673 esse
1325 1610 1418 1673 semi-
1432 1635 1455 1675 ro

272 1720 402 1780 nantem
425 1716 478 1797 qui
501 1716 624 1780 animas
647 1721 756 1801 captas
786 1720 948 1800 spargeret
969 1718 1001 1779 in
1024 1732 1154 1798 corpora
1183 1715 1308 1779 diuersa
1339 1732 1418 1795 quac

272 1821 379 1884 uellet.
404 1820 441 1883 In
465 1837 525 1902 quo
549 1821 646 1884 ctiam
668 1819 749 1885 libro
772 1821 810 1884 de
833 1820 972 1903 principe
996 1820 1195 1885 humidorum
1218 1823 1249 1883 et
1271 1819 1310 1882 dc
1332 1819 1418 1901 prin·

273 1925 341 2006 cipe
363 1924 445 2007 ignis
468 1924 606 2006 plurime
628 1926 820 2003 dictasunt,
851 1925 960 1989 uolens
991 1924 1132 2007 intellegi
1162 1926 1239 2003 arte,
1270 1941 1335 1986 non
1365 1941 1419 2005 po·

273 2030 372 2092 tentia
402 2028 452 2092 dei
483 2029 588 2092 omnia
617 2028 700 2092 bona
729 2028 781 2111 agi
812 2028 844 2093 in
875 2029 934 2093 hoc
958 2028 1082 2092 mundo.
1129 2027 1214 2091 Dicit
1241 2027 1327 2091 enim
1350 2045 1418 2089 esse

273 2134 431 2216 uirginem
461 2134 620 2214 quandam
648 2134 767 2212 lucem,
799 2151 893 2214 quam
925 2132 1001 2196 deus
1031 2133 1141 2197 uolens
1171 2131 1245 2195 dare
1275 2132 1418 2214 pluuium
1432 2154 1454 2194 1⁵

272 2235 452 2301 hominibus
479 2238 612 2320 principi
641 2237 843 2302 humidorum
873 2236 1030 2315 ostendat,
1062 2236 1126 2318 qui,
1157 2236 1232 2299 dum
1263 2253 1335 2299 cam
1366 2235 1418 2297 cd-

272 2342 465 2423 prehendere
488 2342 584 2424 cupit‚
608 2345 784 2405 commotus
809 2340 959 2405 consudet
983 2344 1014 2403 et
1036 2340 1175 2422 pluuium
1199 2339 1294 2403 faciat
1318 2342 1351 2403 et
1366 2339 1418 2401 dc-

272 2447 402 2509 stitutus
426 2445 465 2508 ab
490 2463 526 2509 eo
549 2446 672 2528 mugitu
697 2463 752 2509 suc
776 2446 914 2510 tonitrua
930 2445 1072 2509 concitet.
1108 2444 1295 2509 Trinitatem
1312 2446 1418 2506 autem

272 2552 337 2615 solo
368 2549 464 2615 uerbo
495 2550 691 2631 loquebatur,
723 2569 798 2614 nam
828 2552 975 2615 unionem
1007 2547 1124 2631 absque
1148 2549 1213 2612 ulla
1236 2548 1419 2612 exsistentia

377 2755 391 2803 'i
410 2752 507 2804 nauh.
526 2753 610 2814 13,13-
620 2748 884 2818 (semaeias
902 2749 934 2803 dc
950 2748 1258 2812 baeres.lc'b.1.‚c.43).
1349 2749 1365 2801 9
1384 2744 1416 2798 cf.

272 2836 370 2891 Meton.
387 2839 427 2900 13,
440 2839 465 2891 4.
479 2840 503 2891 5.

378 3014 391 3066 1
412 3014 527 3082 Aupust.
542 3013 558 3065 1.
573 3012 598 3076 1.,
607 3029 637 3079 p.
650 3014 716 3064 217:
739 3011 1013 3076 estruuutwcorpue
1036 3011 1159 3061 nostrum
1182 3006 1331 3060 secundum
1355 3006 1419 3059 duc·

273 3099 360 3154 decim
379 3099 455 3168 signu
474 3097 541 3152 coeli
559 3113 615 3150 esse
634 3096 820 3165 compositum,
839 3096 908 3148 sicut
925 3095 953 3148 bi
972 3094 1018 3162 qui
1037 3093 1222 3148 mathematici
1234 3092 1316 3162 uulgo
1330 3093 1419 3162 appel-

272 3187 372 3250 lantur,
390 3185 584 3238 constituentes
602 3183 631 3236 in
649 3183 736 3252 capite
756 3183 873 3244 arietem,
893 3185 1001 3234 taurum
1019 3181 1048 3234 in
1066 3181 1176 3244 ceruice,
1195 3180 1316 3248 geminos
1329 3180 1359 3232 in
1370 3181 1419 3233 hu-

272 3273 361 3336 meris,
380 3287 507 3326 cancrum
525 3270 553 3324 in
571 3273 678 3338 pectore
696 3272 724 3323 et
742 3272 830 3323 cetera
847 3268 1008 3322 nominatim
1026 3268 1104 3335 signa
1120 3269 1304 3336 percurrentes
1324 3283 1346 3319 e.
1360 3282 1385 3334 q.
1399 3283 1417 3319 s.

272 3364 288 3415 5
302 3375 381 3413 mem.
393 3358 447 3427 ap]
465 3357 499 3411 cf.
509 3356 654 3411 Lueblrerti
667 3356 768 3410 librum
782 3356 810 3409 iu
824 3355 906 3425 praef.
917 3357 1009 3408 nostra
1021 3354 1103 3422 capl
1116 3353 1288 3423 appellatum,
1299 3370 1325 3422 p.
1338 3356 1371 3408 19
1381 3369 1418 3420 sq.

272 3447 311 3513 (et
329 3448 400 3500 Iron.
420 3463 464 3514 ap.
485 3444 626 3510 Theodec,
644 3444 733 3512 Migne
752 3445 819 3511 patr.
839 3459 878 3510 gr.
896 3445 937 3504 83,
956 3442 1024 3510 351).
1107 3444 1138 3496 14
1161 3440 1194 3494 cf.
1213 3438 1348 3493 Luebkert
1366 3441 1383 3493 l.
1401 3439 1417 3492 l.

272 3550 297 3602 p.
309 3536 340 3588 31
352 3548 399 3601 sq„
410 3531 443 3584 al.
457 3531 495 3598 (et
504 3546 584 3599 supra
596 3547 621 3599 p.
632 3532 673 3593 24,
686 3530 736 3597 14).
788 3532 821 3584 18
834 3529 930 3597 trinit]
944 3527 976 3582 cf.
991 3544 1072 3596 supra
1083 3543 1108 3596 p.
1120 3529 1162 3592 37,
1173 3529 1219 3590 213
1230 3530 1271 3590 39,
1284 3529 1329 3590 15;
1338 3529 1381 3590 49,
1391 3530 1414 3582 3.

319 3709 332 3762 1
360 3704 507 3773 disposite,
535 3704 566 3757 111
592 3721 646 3758 ras.
676 3720 747 3756 noun.
776 3706 791 3754 1
820 3703 848 3756 Β
936 3703 952 3755 2
975 3718 1029 3770 pro
1057 3702 1165 3767 pectore
1193 3702 1251 3756 cab.
1280 3700 1366 3768 cupite
1393 3701 1419 3754 A

273 3791 480 3861 Aprpeceesissc
498 3791 526 3845 A
615 3792 642 3843 et
659 3791 691 3843 111
707 3807 762 3844 rus.
776 3793 879 3843 1111111
898 3789 926 3841 Β
1006 3791 1021 3842 5
1047 3785 1172 3840 scribitur
1190 3805 1245 3855 pro
1266 3785 1373 3840 inscrib
1393 3787 1419 3840 B

274 3883 290 3934 6
313 3878 422 3932 uidetur
445 3877 477 3930 de
500 3878 576 3944 patre
599 3875 764 3929 ostendendo
786 3875 849 3942 quie
873 3874 905 3928 de
923 3876 959 3941 B,
983 3873 1090 3926 uidetur·
1113 3877 1213 3926 secreto
1232 3875 1260 3926 et
1281 3873 1419 3926 ostendere

275 3965 338 4034 quia
356 3963 389 4016 de
407 3961 434 4018 1)
492 3965 507 4017 7
522 3969 587 4031 post
605 3962 736 4015 seminare
753 3963 834 4016 addit
852 3959 879 4016 a>
899 3977 989 4013 semen
1007 3977 1086 4014 suum
1144 3959 1207 4028 quis
1224 3962 1249 4014 b.
1264 3961 1280 4014 l.
1294 3978 1345 4016 om.
1365 3958 1418 4014 Rs

274 4053 320 4120 (cf.
340 4069 426 4120 supra
446 4051 484 4104 ud
507 4051 554 4104 lc'oc.
575 4051 602 4116 6)
675 4052 692 4104 8
715 4048 738 4101 si
756 4048 841 4101 bonus
860 4047 955 4101 fuisset
973 4049 1000 4101 et
1018 4063 1072 4099 uon
1090 4046 1241 4114 neglegens
1261 4062 1314 4099 non
1331 4046 1376 4099 uel
1393 4048 1419 4100 Β

275 4139 298 4192 si
316 4137 402 4191 bonus
421 4137 524 4201 fuisset,
543 4152 597 4189 ncn
615 4135 710 4189 fuisset
728 4135 874 4204 negligens,
894 4151 947 4187 non
966 4133 1008 4187 uel
1027 4131 1053 4190 s
1117 4135 1149 4188 19
1167 4133 1252 4186 iecere
1270 4133 1305 4200 A,
1322 4133 1420 4187 iaceret

274 4223 329 4280 Be
385 4223 457 4276 hunc
480 4239 536 4276 esse
560 4222 737 4275 seminantem
755 4223 786 4276 icc
804 4239 857 4276 ras.
878 4226 978 4275 11111111
997 4221 1025 4274 Β
1080 4218 1419 4287 121nqucetiumlibro

273 4356 337 4421 ΑΒ,
356 4353 415 4419 Quo
433 4353 516 4407 etiem
534 4353 562 4405 in
580 4350 649 4405 libro
667 4349 694 4406 1)
753 4352 786 4404 14
805 4316 884 4403 mhndo
903 4352 930 4404 A
988 4352 1021 4405 16
1040 4348 1253 4417 adpraehendere
1271 4349 1308 4415 A,
1327 4363 1418 4416 cppre

275 4441 387 4495 hensam
405 4441 433 4494 Β
488 4442 520 4494 17
539 4437 607 4490 facit
625 4437 652 4490 A
704 4438 810 4504 etpost
827 4435 909 4490 iaciat
927 4453 977 4492 cm.
996 4437 1024 4489 B
