3175 5075
626 548 793 600 tractatus
813 547 859 602 Vl.
1275 530 1315 592 77
1424 526 1437 558 ”

170 701 304 765 arduum
328 702 451 767 diuinae
479 704 711 787 intellegentiae
734 706 793 767 iter
815 706 905 768 uelut
927 706 1008 769 cliuo
1031 706 1172 769 molliore
1194 706 1316 785 leniret,

170 806 309 888 primum
325 826 380 889 per
398 805 401 893 l
419 808 552 891 Moysen
569 808 641 871 data
656 810 735 891 lege,
756 807 925 890 prohibens
942 827 1046 873 omne
1062 810 1201 873 idolum
1221 810 1316 890 quod

171 915 274 975 esset
296 912 333 975 irr
356 913 458 976 caelo
483 913 561 976 siue
585 913 620 976 in
644 917 746 977 terra
769 914 849 977 siue
864 914 901 977 in
917 914 1034 994 aquis
1058 914 1217 977 detestans
1234 915 1316 977 mili-

169 1016 249 1079 tiam
269 1017 479 1099 principatum
500 1018 617 1081 saeculi
632 1037 711 1100 quae
729 1021 875 1101 operatur
890 1020 923 1083 in
939 1018 1180 1102 cogitationibus
1197 1019 1315 1082 nociuis

140 1144 154 1180 a
171 1124 203 1183 et
219 1121 397 1186 castificans
413 1124 444 1186 in
458 1122 506 1186 his
523 1140 600 1205 opus
617 1124 731 1204 camir,
748 1143 787 1187 ne
804 1124 879 1205 quid
896 1123 990 1187 homo
1006 1128 1092 1187 extra
1107 1143 1207 1187 unum
1222 1124 1316 1186 deum

168 1226 259 1291 uelut
282 1227 376 1290 deum
392 1228 497 1309 uellet,
521 1228 679 1311 praecepti
702 1228 764 1291 fine
781 1229 963 1310 conpescuit
987 1232 1029 1308 et,
1053 1247 1126 1291 eum
1141 1230 1315 1309 ununrquid

169 1330 203 1393 in
235 1330 422 1395 sacrificium
445 1334 576 1414 peteret,
607 1333 704 1396 occidi
726 1351 788 1396 non
817 1351 966 1415 pecorum
989 1333 1177 1415 sangninem
1204 1333 1315 1412 uoluit,

169 1435 227 1499 sed
257 1436 354 1500 occidi
381 1437 413 1499 in
437 1436 526 1501 notis
550 1455 587 1500 ea
614 1456 692 1519 quae
716 1438 866 1501 uitiorum
889 1440 1002 1501 natura
1023 1437 1143 1501 idolicis
1166 1437 1199 1501 in
1223 1454 1315 1500 carne

166 1541 277 1605 formis
294 1545 509 1624 occupauerat,
534 1542 656 1606 dicente
679 1543 716 1606 de
737 1539 924 1628 huiusllmodi
947 1543 1101 1625 apostolo:
1125 1561 1196 1605 non
1219 1542 1314 1623 quod
1341 1551 1399 1603 104

126 1646 313 1710 roidolurn
348 1647 396 1710 sit
432 1648 590 1729 aliquid,
626 1649 689 1712 scd
724 1667 817 1731 quae
849 1648 1073 1711 sacrificant
1106 1647 1314 1711 daemoniis

168 1751 393 1815 sacrificant
423 1755 458 1815 et
484 1770 556 1815 non
587 1753 662 1834 deo,
693 1755 729 1816 ut
751 1754 799 1816 his
823 1753 942 1817 scilicet
964 1752 996 1816 in
1019 1752 1146 1815 homine
1169 1752 1314 1816 correctis

166 1858 242 1937 post
256 1856 324 1938 ipse
339 1856 493 1920 bonorum
509 1860 621 1921 natura
636 1858 790 1922 facturam
807 1858 896 1921 uelut
911 1857 1040 1940 perfecti
1057 1856 1194 1920 hominis
1210 1856 1315 1920 locum

167 1963 296 2025 uterum
311 1962 473 2045 uirginalis
498 1963 600 2027 earnis
616 1963 777 2046 ingressus
801 1962 955 2026 idolorum
970 1962 1080 2025 formis
1102 1962 1135 2025 in
1150 1960 1314 2043 pecoribus

167 2066 277 2130 occisis
301 2086 394 2131 suum
417 2068 604 2151 sanguinem
626 2069 658 2131 in
678 2068 926 2151 redemptionem
949 2068 1106 2131 humanae
1130 2066 1313 2149 expiationis

124 2192 152 2229 15
168 2171 295 2235 offerret
326 2175 357 2235 et
379 2173 579 2255 conceptione
610 2176 701 2256 partu
731 2172 892 2255 uagitibus
923 2172 1012 2235 cunis
1043 2189 1153 2234 omnes
1184 2174 1314 2235 naturae

167 2278 295 2339 nostrae
311 2278 528 2340 transcurrens
545 2278 749 2341 contumelias
766 2278 902 2341 mundo
918 2275 955 2339 in
971 2274 1131 2361 crulcem
1153 2275 1228 2338 fixo
1252 2275 1314 2339 sal-

166 2384 242 2444 uato
265 2381 297 2444 in
321 2400 354 2444 se
378 2385 409 2445 et
423 2400 478 2464 per
502 2401 534 2445 se
559 2381 619 2445 sibi
634 2382 761 2445 homine
784 2382 945 2465 gauderet.
969 2380 1053 2444 Nam
1068 2380 1149 2461 quod
1173 2380 1313 2462 primus

166 2486 309 2550 mensis
340 2486 455 2568 petitur
478 2487 511 2551 in
540 2486 666 2570 pascha,
698 2504 760 2551 nou
783 2490 819 2551 ut
847 2485 1035 2550 adtendatur
1062 2485 1192 2566 mensis,
1224 2484 1312 2548 cuius

166 2610 335 2654 numerum
358 2595 481 2656 constat
500 2610 572 2656 curn
596 2593 720 2656 saeculo
745 2592 934 2656 numerabili
958 2611 1026 2655 esse
1049 2591 1234 2673 periturum,
1259 2590 1313 2653 sed

120 2718 150 2756 20
165 2696 243 2777 quia
273 2697 413 2760 omnium
436 2699 557 2761 creator
579 2697 612 2760 in
640 2698 714 2761 totis
746 2699 804 2777 est,
837 2699 1024 2780 agnoscatur
1046 2697 1129 2777 quod
1159 2695 1312 2759 scribtum

166 2803 230 2864 est:
262 2801 453 2884 primitiae
484 2801 646 2865 omnium
671 2801 859 2882 Christus,
891 2804 923 2864 et
953 2801 991 2863 de
1021 2800 1163 2883 propiato
1193 2800 1313 2863 inimici

165 2906 315 2986 transitu,
338 2906 392 2970 ubi
411 2906 533 2989 primus
557 2907 674 2970 mensis
699 2907 738 2969 ad
760 2906 978 2970 inmolandum
1000 2906 1127 2988 petitur,
1151 2904 1204 2984 ibi,
1228 2905 1311 2985 quia,

166 3011 251 3074 sicut
266 3010 416 3075 scribtum
438 3014 495 3091 cst,
520 3030 695 3074 numerus
711 3011 873 3075 hominis
890 3028 1067 3074 numerus
1084 3012 1141 3073 est
1155 3009 1310 3088 bestiae,

165 3134 245 3197 opus
269 3116 378 3178 mundi
402 3119 433 3179 et
448 3113 605 3201 nalltiuitas
629 3116 662 3180 in
686 3115 775 3180 nobis
790 3116 893 3198 prima
915 3116 1059 3178 uincetur
1081 3118 1112 3177 et
1135 3114 1192 3177 deo
1207 3114 1310 3196 potius
1336 3122 1396 3174 105

120 3241 150 3278 25
165 3220 351 3302 incipientes
380 3238 474 3302 quarn
507 3221 630 3284 saeculo
656 3219 768 3284 debere
798 3221 879 3302 quod
907 3221 1067 3284 nascimur·
1089 3219 1311 3301 intellegamus

272 3384 526 3447 refundant
580 3383 872 3447 camarciaco.
929 3385 960 3438 16
979 3382 1168 3446 cromam.
1226 3384 1256 3437 17
1276 3381 1309 3434 cf.

165 3471 249 3524 Exod.
265 3474 304 3534 12,
318 3473 341 3526 2.
396 3474 428 3526 21
448 3471 470 3525 Ι.
484 3470 542 3525 Cor.
558 3474 598 3535 15,
611 3473 652 3526 23.
707 3473 741 3526 23
759 3471 951 3539 Apoc.13,18.

273 3623 305 3674 15
324 3620 462 3688 Hilarius,
481 3619 514 3674 de
531 3621 595 3674 tria.
610 3620 651 3688 11,
663 3623 711 3685 24,·
729 3619 783 3674 uid.
797 3636 878 3689 supra
896 3619 931 3672 ad
949 3636 973 3688 p.
987 3621 1028 3674 60.

212 3781 226 3833 1
248 3771 397 3856 temones,
414 3789 470 3838 rex
487 3789 494 3835 ι
510 3777 573 3831 fact.
630 3777 928 3863 rpnrrucrparom
942 3792 990 3846 pro
1004 3787 1309 3862 prorumpamus),

165 3936 200 3989 ef.
217 3938 288 3999 aar
378 3939 393 3990 5
413 3889 756 4018 castificarioicbm,
781 3946 801 3994 o
825 3951 875 3988 ras.
896 3933 946 3988 der.
1047 3924 1310 4017 coruncanum,

164 4041 259 4093 eadem
282 4040 369 4093 forma
391 4043 512 4093 occurret
529 4057 554 4108 p.
573 4043 631 4105 105,
650 4044 663 4095 1
730 4044 746 4095 9
767 4021 911 4127 bU'LtUJS,
930 4039 1035 4093 litterae
1057 4048 1114 4099 rus
1136 4039 1164 4092 in
1182 4040 1310 4106 margine,

166 4155 202 4205 ru
223 4145 252 4198 in
267 4163 318 4198 raa.
392 4147 424 4200 10
443 4154 681 4227 qutdffleras,
758 4147 788 4200 11
808 4128 1027 4232 [ejoRRec'trQ
1092 4146 1124 4198 16
1144 4153 1311 4204 Nostrae

165 4302 218 4400 erl,
243 4329 280 4381 et
302 4319 350 4373 lin.
371 4317 421 4372 uer.
501 4259 627 4379 salico
742 4321 776 4374 ao
796 4302 1057 4398 across'caroa,
1080 4319 1156 4384 oon
1176 4320 1264 4384 roos)
1281 4334 1311 4370 ex

165 4489 275 4538 ucorr.
312 4560 315 4564 ι
358 4479 393 4532 25
413 4435 634 4552 ΝΑΞΙΕΙωῦξ,
656 4476 731 4542 S(in
750 4477 848 4542 (11115)
863 4476 910 4529 lin.
930 4475 980 4528 del·
