3175 5075
630 525 796 577 tractatus
819 522 864 576 VI.
1282 505 1324 567 79

176 680 265 762 Quod
278 684 385 745 autem
401 700 519 765 agnus
535 683 786 745 inmaeulatus
803 682 1001 745 annioulus
1018 702 1055 744 ex
1067 682 1156 764 agnis
1170 684 1200 745 et
1215 681 1322 744 haedis
1350 688 1407 741 101

174 788 292 869 petitur
320 787 516 869 adsumptus,
548 790 592 866 ut,
625 787 706 849 sieut
737 786 888 849 scribtum
919 789 978 865 est,
1009 786 1203 849 imitantes
1234 804 1323 869 opus

176 892 321 956 Christi
351 893 496 955 malitia
526 893 675 974 paruoli
710 895 745 955 et
774 891 999 954 inmaeulati
1030 892 1151 974 legem
1186 892 1323 956 domini

174 997 377 1061 iubueutes
394 1015 589 1080 operemur
605 1000 646 1077 et,
664 996 739 1060 dum
755 997 848 1061 homo
865 997 922 1060 deo
939 996 1087 1076 redditur,
1103 997 1198 1061 totius
1216 997 1325 1060 mundi

145 1102 208 1164 ⁵in
233 1120 315 1166 anno
338 1120 469 1165 numero
499 1102 620 1166 deuieto
645 1101 884 1164 innumerabilis
909 1100 1025 1165 Christi
1048 1104 1160 1163 natura
1182 1103 1324 1165 teneatur

175 1208 281 1288 sieque
312 1225 348 1269 eu
373 1207 462 1290 agnis
487 1210 518 1270 et
540 1206 648 1269 haedis
672 1207 753 1270 idest
777 1225 813 1269 ex
837 1205 958 1270 duobus
981 1207 1013 1269 in
1040 1225 1139 1269 unum
1162 1205 1322 1270 hominem

175 1329 295 1374 nouum
312 1311 448 1393 eorporis
474 1314 504 1374 et
520 1311 648 1393 spiritus
672 1310 896 1374 castificatione
913 1313 1060 1392 suscepta
1074 1311 1192 1392 paseha
1207 1311 1325 1374 domini

176 1419 207 1478 et
232 1415 350 1497 paseha
373 1418 517 1478 nostrum
539 1415 598 1478 hoe
622 1419 669 1479 θεῖ
686 1414 829 1479 Christus
852 1415 884 1477 in
907 1416 1034 1479 homine
1058 1418 1089 1478 et
1111 1416 1205 1479 homo
1227 1412 1325 1499 inluess

175 1521 279 1583 niatm·
294 1520 325 1582 in
344 1519 465 1584 Christo
483 1523 514 1583 et
529 1520 725 1601 adinpleatur
741 1520 824 1600 qnod
844 1520 997 1582 soribtum
1013 1522 1075 1582 est:
1100 1520 1163 1600 qui
1187 1520 1325 1583 saneti-

133 1625 274 1688 10fioat
305 1628 340 1688 et
369 1624 430 1705 qui
462 1624 732 1688 sanctificatur
763 1624 884 1688 omnis
915 1643 956 1687 ex
979 1642 1059 1687 uno.
1106 1622 1195 1702 Quod
1218 1626 1324 1687 autem

176 1730 338 1811 expiatio
359 1729 470 1792 domus
486 1730 612 1811 petitur,
629 1747 691 1792 non
708 1729 818 1793 domus
835 1729 1045 1807 manufactae,
1066 1746 1145 1809 quae
1161 1728 1229 1810 ipsa
1245 1731 1325 1791 tem·

175 1834 259 1916 poris
291 1836 447 1897 uetustate
477 1833 607 1897 deoidua
637 1837 695 1913 est,
733 1833 912 1897 emundatio
942 1833 1128 1915 postulatur,
1160 1833 1216 1896 sed
1246 1833 1326 1896 siout

177 1938 329 2001 scribtum
346 1942 408 2001 est:
434 1956 526 2019 qnae
551 1938 681 2002 domus
706 1957 770 2002 nos
794 1956 932 2017 sumus,
956 1938 1120 2019 siusque
1144 1937 1326 2000 adfinem

175 2043 371 2125 ineulpata
394 2043 484 2106 fidei
514 2042 657 2106 uirtute
686 2043 864 2122 nitamur,
888 2061 946 2106 noo
969 2042 1123 2106 liminaria
1146 2042 1196 2105 uel
1219 2045 1324 2124 postes

133 2164 160 2202 1⁵
174 2148 270 2229 lignis
288 2150 318 2211 et
340 2147 495 2229 lapidibus
511 2148 665 2211 instructa
689 2148 781 2211 oeoisi
800 2147 922 2229 peeoris
945 2147 1014 2210 uult
1029 2147 1105 2210 deus
1129 2165 1237 2210 eruore
1254 2165 1326 2209 eon-

176 2252 266 2333 tingi,
298 2270 362 2315 nee
393 2252 490 2315 enim
521 2252 563 2315 de
593 2251 735 2316 talibus
766 2249 775 2337 ll
805 2270 893 2315 eura
923 2255 980 2315 θεῖ
1011 2251 1086 2331 deo,
1118 2252 1173 2314 sed
1203 2251 1324 2315 dioeute
1350 2256 1409 2309 108

175 2357 290 2419 Paulo:
315 2334 433 2419 omnis
456 2357 528 2420 uiri
552 2360 664 2439 eaput
687 2356 871 2436 Christus,
904 2357 1046 2420 Christi
1069 2358 1191 2420 autem
1215 2360 1325 2438 eaput

177 2461 269 2523 deus
301 2461 486 2544 mysterium
510 2461 607 2524 futuri
631 2460 830 2544 baptismatis
861 2462 958 2525 diuini
982 2461 1143 2544 sanguinis
1175 2460 1325 2523 effusione

177 2566 343 2630 ditandum
363 2567 574 2648 prophetalia
599 2567 700 2647 nobis,
724 2585 770 2646 ao,
795 2568 876 2630 siout
891 2568 953 2630 iam
977 2566 1031 2630 alii
1046 2567 1249 2649 cognouistiS,
1273 2567 1325 2629 alii

130 2688 160 2727 20
176 2674 215 2733 ut
228 2672 421 2753 cognoseatis
438 2673 562 2754 optatis,
579 2673 684 2736 omnia
701 2672 762 2753 [in]
779 2690 859 2753 quae
876 2672 1021 2736 uidemus
1038 2672 1182 2734 audimus
1199 2689 1324 2734 oramus

177 2779 234 2838 aut
249 2777 406 2856 loquimur
422 2776 472 2839 uel
496 2776 527 2839 in
544 2776 687 2858 postibus
704 2780 760 2840 aut
781 2777 813 2839 iu
829 2776 1025 2840 liminaribus
1042 2777 1172 2840 animati
1188 2776 1325 2858 eorporis

176 2881 253 2943 data
276 2881 345 2943 uult
359 2881 392 2943 in
415 2881 577 2944 introitum
593 2881 689 2944 diuini
714 2881 866 2944 sermonis
883 2882 984 2963 aptari
1006 2881 1086 2944 idest
1102 2899 1163 2944 non
1179 2881 1212 2943 in
1228 2900 1325 2964 uagos

176 2985 297 3047 saeeull
313 3003 430 3048 errores
447 2985 524 3066 rapi,
549 2985 601 3048 sed
617 2985 876 3067 consignantibus
894 2986 896 3065 l
916 2985 1005 3050 uobis
1028 2985 1209 3067 ingloriam
1226 2986 1324 3048 eruois

177 3089 297 3153 Christi
320 3089 408 3151 uelut
432 3090 584 3171 sanguine
607 3090 788 3153 inmaeulati
813 3091 886 3174 agni
908 3090 1033 3153 diuinae
1060 3091 1213 3172 passionis
1236 3090 1326 3153 testi-

130 3209 161 3249 θ’»
177 3193 325 3257 fient-ione
341 3194 466 3275 signari,
490 3197 525 3256 ut
541 3193 775 3257 ambulantibus
799 3194 890 3258 nobis
913 3195 950 3258 in
973 3196 1141 3259 nouitate
1166 3195 1267 3258 uitae
1291 3198 1327 3258 θῖ

176 3317 251 3361 non
283 3298 319 3361 in
350 3301 566 3362 uestustato
597 3299 749 3362 litterae
780 3303 944 3381 aeoeptum
974 3300 1005 3362 in
1036 3300 1166 3362 uictoria
1196 3298 1325 3363 anobis

176 3421 292 3484 corpus
317 3420 379 3465 nou
407 3403 582 3485 appelletur
612 3404 675 3466 iam
702 3407 787 3467 terra
810 3405 927 3468 saeculi
958 3405 1012 3467 sed
1040 3405 1151 3468 domus
1179 3404 1228 3467 dei
1259 3423 1325 3467 nee

175 3507 444 3571 fornicationis
469 3506 685 3570 habitaculum
709 3507 773 3570 sed
796 3508 899 3592 imago
923 3509 1091 3591 eorporis
1116 3508 1266 3572 Christi.

286 3646 299 3698 1
324 3643 405 3697 Exod.
428 3646 468 3707 la,
491 3647 514 3698 5.
594 3648 611 3698 2
639 3644 672 3698 nl.
693 3644 713 3697 I.
737 3644 795 3698 Cor.
821 3648 861 3707 14,
882 3650 928 3707 ao;
951 3649 991 3708 16,
1015 3649 1059 3709 1(1;
1086 3646 1122 3699 II.
1144 3646 1215 3699 Petr.
1238 3648 1261 3708 3,
1285 3648 1325 3700 14.

174 3735 193 3786 9
214 3731 296 3784 Hebr.
310 3735 335 3795 2,
349 3735 388 3786 11.
463 3735 493 3787 11
514 3731 547 3784 ef.
561 3731 642 3785 Erod.
656 3735 698 3800 29,
713 3735 752 3786 36.
825 3737 856 3788 13
875 3732 955 3786 Hebr.
970 3737 993 3795 3,
1007 3736 1031 3787 6.
1107 3737 1138 3789 16
1157 3733 1177 3786 Ι.
1192 3732 1250 3787 Cor.
1264 3736 1287 3796 9,
1302 3737 1324 3788 9.

177 3821 211 3873 17
233 3818 254 3871 Ι.
269 3817 327 3872 Cor.
343 3820 382 3880 11,
397 3821 420 3872 3.
492 3821 526 3872 25
545 3817 620 3871 Rom.
635 3822 658 3882 7,
672 3822 696 3873 4.
711 3823 734 3872 6.
807 3822 840 3874 27
860 3820 893 3872 et.
907 3821 927 3872 I.
942 3819 1000 3874 Cor.
1014 3823 1038 3884 6,
1055 3823 1094 3875 13.
1201 3881 1203 3885 ,

222 3997 239 4046 2
259 3933 494 4068 ACSUClllllllS,
515 4002 550 4050 (11
570 3991 606 4058 (in
626 3995 789 4058 (1111511οε.
810 3996 837 4045 et
854 3993 924 4045 linea
943 3992 993 4046 del.
1082 3935 1327 4053 Sclrlbtllillffl

178 4133 367 4208 rmrrnss'ns
465 4148 729 4208 {ssu-iunioras?
834 4154 990 4233 raperes
1081 4155 1111 4206 15
1129 4109 1326 4234 pecobl5,b

175 4273 228 4307 ras.
255 4253 304 4305 del.
395 4257 429 4307 ao
449 4255 745 4336 ommrnrmuunel
768 4253 800 4306 de
826 4266 870 4312 no
897 4253 930 4306 ef.
949 4258 990 4318 oo,
1009 4258 1037 4317 63
1062 4259 1103 4317 61,
1122 4260 1149 4320 1;
1177 4260 1269 4319 6212
1293 4256 1325 4308 «a.

176 4339 358 4435 ornanda,
384 4357 436 4410 litt.
458 4369 477 4416 n
501 4359 529 4411 in
549 4359 667 4426 margine
687 4359 766 4412 affixa
836 4362 869 4413 25
890 4369 1037 4430 sictona
1111 4372 1157 4422 ne
1175 4363 1204 4414 in
1225 4371 1326 4423 nonne

176 4479 228 4516 l'aS.
249 4478 347 4515 001108.
