3175 5075
247 499 273 556 X

290 669 390 733 Missa
412 668 604 751 quaestione,
628 667 781 749 quomodo
804 672 840 732 nt
854 668 904 732 hic
919 667 999 732 liber
1016 672 1181 733 extraneus
1198 668 1231 733 in
1247 673 1389 734 nostram

246 774 358 837 urbem
380 772 551 837 deferretur
574 772 710 854 potuerit
731 772 809 853 lieri,
832 791 932 836 unum
957 773 1018 836 hoc
1044 790 1289 838 commemorare
1311 774 1390 839 libet

247 878 387 943 eiusdem
406 878 540 942 fortasse
556 895 625 941 esse
641 876 779 959 originis,
804 877 892 941 cuius
914 877 1163 941 illustrissimum
1184 878 1263 941 illud
1286 897 1389 943 exem·

245 981 314 1065 pler
337 981 461 1045 ‘codicis
476 980 648 1046 Alariciani
672 1000 726 1044 seu
750 980 967 1045 Theodosiani'
990 981 1065 1045 olim
1092 982 1176 1064 apud
1202 999 1259 1046 nos
1283 1000 1389 1047 serua·

246 1090 325 1166 turn,
348 1104 431 1149 nunc
454 1088 578 1149 exstans
594 1085 675 1149 inter
691 1084 757 1149 cod.
773 1084 908 1165 Monac,
932 1103 1018 1149 num.
1035 1082 1153 1166 22001,
1177 1106 1203 1150 0.
1219 1085 1387 1163 vr-VH;

245 1190 309 1254 uid.
330 1188 367 1254 0.
388 1189 511 1253 Haenel
534 1189 594 1253 ‘len
616 1189 759 1253 Romana
780 1188 1037 1272 Uisigcthorum‘,
1063 1187 1157 1270 1849,
1180 1209 1210 1272 p.
1231 1190 1305 1254 XLI
1321 1210 1387 1272 sqq.

247 1294 349 1377 (cuius
373 1292 471 1377 ‘legis'
493 1312 593 1375 nuper
608 1292 730 1358 inuenit
745 1293 781 1357 R.
798 1285 878 1357 Beer
896 1293 930 1357 in
944 1292 1019 1358 bibl.
1037 1293 1187 1358 ecclesiae
1202 1295 1388 1359 cathedralis

246 1398 449 1482 legionensis
473 1398 611 1461 codicem
633 1398 875 1480 palimpsestum
898 1416 923 1461 s.
940 1397 1017 1481 VI);
1041 1398 1080 1462 cf.
1097 1398 1192 1462 etiam
1212 1400 1303 1463 catal.
1321 1400 1386 1464 cod.

246 1503 300 1567 lat.
317 1502 439 1566 Monac.
456 1500 499 1581 ΙΙ,
521 1519 594 1583 pars
610 1500 665 1581 IV,
680 1521 711 1583 p.
728 1497 787 1575 503
812 1501 985 1583 scripturae
1005 1502 1178 1583 specimina
1192 1502 1290 1567 habes
1307 1502 1388 1585 apud

247 1603 721 1689 Zangemeister-Wattenbach,
745 1603 876 1687 exempl.
902 1605 968 1669 cod.
992 1605 1047 1669 lat.
1069 1605 1182 1669 litteris
1205 1606 1388 1670 maiusculis

246 1711 443 1793 scriptorum,
468 1706 562 1789 1876,
583 1708 647 1772 tab.
665 1706 705 1771 27
731 1705 848 1792 0128).
873 1746 916 1753 -
938 1708 1105 1773 Uetustate
1127 1710 1260 1792 proximi
1283 1713 1388 1774 nostro

245 1814 343 1879 codici
366 1818 439 1878 sunt
461 1814 685 1896 palimpsestus
708 1812 854 1892 biblicus,
885 1831 979 1893 quem
1002 1813 1098 1877 edidit
1120 1814 1155 1877 E.
1176 1814 1296 1894 Ranlrc,
1321 1817 1386 1896 ‘par

245 1919 522 2001 palimpsestorum
541 1916 872 2000 Wirccburgensium',
896 1916 1030 1981 Uindob.
1054 1915 1152 1997 1871,
1180 1921 1213 1981 01
1234 1918 1389 2000 Hierony-

246 2022 345 2086 miani
366 2022 398 2086 in
421 2022 624 2086 ecclesiasten
648 2020 866 2085 commentarii
889 2020 984 2085 codex
1008 2046 1049 2076 =
1072 2020 1137 2103 Mp.
1154 2021 1199 2085 th.
1218 2040 1246 2103 q.
1266 2020 1295 2085 2.

290 2125 379 2205 Quod
400 2127 433 2189 in
455 2125 662 2190 Priscillianei
685 2125 800 2189 codicis
822 2124 924 2207 primo
946 2125 1020 2190 folio
1041 2125 1122 2189 inter
1136 2126 1220 2189 locos
1237 2125 1389 2206 quosdam

247 2248 353 2294 sacrae
376 2231 555 2312 scripturae,
580 2248 656 2311 quos
679 2248 791 2293 manus
816 2247 895 2293 saec.
913 2228 1083 2294 VIII-IX
1098 2230 1259 2311 inscripsit
1274 2228 1388 2311 (decus

247 2333 377 2398 sedebat
392 2354 418 2397 e.
436 2353 464 2415 q.
481 2354 506 2398 s.
523 2334 654 2397 :Luc
675 2331 724 2414 18,
741 2330 801 2408 35;
820 2370 864 2379 —
886 2331 1021 2416 Philipp.
1040 2332 1071 2414 3,
1087 2332 1126 2408 33
1149 2333 1191 2397 ΙΙ.
1209 2333 1278 2398 001.
1296 2332 1327 2415 6,
1343 2331 1388 2415 2),

247 2437 379 2503 occurrit
401 2456 515 2501 nomen
539 2438 714 2518 ‘bilihilt',
738 2440 845 2501 utrum
862 2437 902 2501 ad
916 2436 947 2501 S.
963 2437 1143 2501 Bilihildem
1166 2438 1249 2501 circa
1271 2455 1389 2501 annum

247 2540 310 2606 629
334 2542 366 2625 (i.
392 2562 417 2606 0.
442 2541 484 2605 60
506 2543 571 2606 fere
595 2543 684 2607 annis
709 2546 780 2608 ante
803 2542 922 2606 Kiliani
948 2543 1146 2625 supplicium,
1177 2544 1264 2607 cuius
1291 2543 1389 2606 fuisse

247 2650 279 2710 et
301 2646 333 2710 in
356 2647 444 2710 cuius
459 2646 581 2711 tumulo
601 2646 717 2711 librum
733 2650 877 2710 nostmm
899 2646 1065 2710 inuentum
1088 2621 1156 2710 esse
1179 2647 1389 2729 suspicantur,

246 2750 309 2814 uid.
331 2749 420 2834 Oegg
446 2751 479 2814 in
505 2750 584 2815 libro
607 2769 678 2815 mox
701 2751 825 2815 citando
852 2770 882 2833 p.
905 2748 969 2814 320
993 2747 1125 2834 01328)
1156 2754 1264 2814 natam
1286 2749 1389 2816 Veits-

245 2853 443 2918 hoechhemii
471 2871 566 2937 prope
590 2855 832 2938 Wirceburgum
863 2854 966 2936 aliquo
997 2855 1089 2918 modo
1118 2854 1317 2918 referendum
1347 2854 1389 2918 eit

246 2977 359 3038 necne,
391 2958 557 3022 diiudicare
587 2977 649 3024 non
681 2959 790 3023 ausim.
837 2958 889 3022 Ad
919 2960 1051 3022 eandem
1084 2958 1217 3023 ‘bilihilt'
1248 2961 1389 3041 spectare

247 3061 412 3144 suspiceris
439 3063 675 3144 inscriptionem
703 3063 862 3145 quandam
885 3081 965 3126 saec.
986 3062 1156 3126 VIII-IX
1185 3063 1218 3126 in
1247 3063 1389 3145 margine

244 3166 313 3230 folii
327 3164 382 3228 41·
397 3167 552 3230 adiectam
567 3164 622 3249 (=
636 3187 665 3250 p.
679 3164 723 3230 34
740 3167 785 3231 ed.
800 3167 950 3250 nostrae),
968 3183 1047 3249 quae
1063 3159 1174 3229 habet:
1196 3167 1260 3247 ‘pro
1280 3167 1389 3230 elimo-

246 3269 315 3334 sina
343 3273 474 3336 eccone'.
520 3270 702 3336 Bilihildem
733 3271 819 3336 enim
847 3270 974 3335 Hedani
1003 3269 1089 3333 ducis
1117 3268 1389 3353 Wirceburgensis

246 3374 375 3438 uiduam
404 3374 587 3459 Mogontiae
615 3376 726 3440 ‘altum
756 3375 993 3440 monasterium'
1021 3374 1196 3438 condidisse
1227 3377 1258 3438 et
1286 3375 1389 3456 ipsam

246 3479 432 3542 monacham
446 3478 563 3542 factam
576 3497 645 3542 csse
660 3482 797 3554 constat;
813 3497 890 3543 uoce
906 3479 1255 3561 autem‘ecconc’posse
1271 3478 1390 3562 signari

246 3580 410 3646 mulierem
441 3583 711 3646 sanctimonialem
741 3601 909 3666 cognosces
941 3601 978 3646 ex
1007 3586 1114 3646 nostro
1144 3582 1245 3646 indice
1267 3600 1388 3656 rerum3

245 3704 437 3768 quamquam
460 3704 514 3750 cur
536 3687 659 3750 Bilihilt
682 3685 727 3770 (et
748 3686 911 3769 Kilianus)
934 3684 1126 3750 haereticum
1147 3686 1239 3750 illum
1261 3685 1388 3766 librum,

246 3827 289 3836 -
312 3808 404 3872 quem
427 3789 684 3856 Pseudo-Gelasii
706 3809 829 3872 quoque
860 3791 898 3854 de
925 3788 1109 3870 recipiendis
1141 3792 1173 3853 et
1202 3807 1265 3854 non
1294 3789 1388 3870 recip.

193 3923 195 3926 ·
244 3893 332 3958 libris
357 3895 510 3959 decretale
534 3895 664 3959 damnat
686 3892 738 3977 (cf.
758 3895 855 3959 etiam
870 3892 1048 3958 Mdnchner
1064 3892 1276 3977 Sitzungsber.
1295 3889 1389 3974 1888,

245 4018 275 4081 p.
293 3997 445 4082 04011),
469 4035 511 4045 —
534 4002 600 4064 tam
623 3999 673 4081 pie
696 3999 892 4063 seruauerint
907 3997 1034 4062 difficile
1050 4001 1098 4062 est
1114 3996 1209 4082 dictu,
1232 3996 1295 4061 nisi
1309 3996 1390 4060 forte

247 4123 283 4166 en
298 4102 357 4166 hac
380 4112 413 4167 re
434 4103 579 4187 colligere
602 4102 748 4167 uolumus
766 4101 963 4167 Christianae
986 4101 1058 4165 fidei
1079 4101 1113 4165 in
1135 4101 1309 4165 Franconia
1327 4101 1391 4184 pri·
1445 4135 1450 4148 ·

245 4224 314 4270 mos
338 4210 435 4272 testes
460 4207 497 4271 ab
522 4206 692 4271 orthodoxa
715 4205 847 4271 ecclesia
869 4224 926 4270 seu
941 4205 1046 4269 dedita
1068 4223 1162 4288 opera
1185 4205 1251 4269 siue
1273 4204 1390 4268 inuitos

246 4311 443 4392 aliquantum
474 4311 691 4393 discrepuisse.
736 4309 987 4375 Orthodoxorum
1009 4325 1084 4373 uero
1106 4309 1139 4373 in
1161 4309 1259 4373 libros
1281 4307 1391 4373 haere·

246 4414 324 4479 ticos
340 4414 576 4495 inquisitionem
591 4414 715 4477 uidetur
730 4414 883 4478 metuisse
898 4413 961 4492 ille,
978 4412 1033 4494 qui
1047 4412 1080 4476 in
1096 4413 1149 4477 fol.
1167 4410 1222 4474 74¹²
1237 4409 1293 4493 (=
1308 4409 1390 4494 poc
