3175 5075
32 85 498 480 f

297 506 390 565 XLVI

295 674 502 739 bibliothecae
517 673 788 758 Wircebmgensis
804 674 991 757 praefectus,
1015 673 1069 755 qui
1088 677 1124 737 ut
1140 672 1278 737 codicem
1293 672 1335 737 W
1352 675 1436 736 tran-

297 777 465 843 scriberem
489 779 664 859 totiensque
688 778 828 861 singulos
850 779 934 841 locos
956 777 1145 860 inspicerem
1171 776 1262 841 facile
1284 776 1434 860 permisit,

297 881 472 948 Guilelmus
496 882 537 947 de
560 882 694 947 Hartel
717 883 765 945 uir
788 900 932 946 summus
956 885 987 946 et
1009 879 1135 945 Samuel
1157 881 1298 945 Brandt
1320 880 1436 945 amicus

295 985 626 1067 beneuolentissimus,
665 986 717 1067 qui
754 986 787 1049 in
821 985 1012 1069 corrigendis
1048 985 1185 1068 plagulis
1201 1003 1274 1049 ·me
1313 985 1437 1049 adium-

296 1094 380 1171 runt,
402 1090 605 1155 Hermannus
627 1089 798 1155 Boensch
820 1090 880 1153 uir·
893 1087 1094 1170 uenerabilis,
1118 1090 1180 1171 qni,
1203 1107 1274 1153 cum
1297 1088 1330 1152 in
1352 1092 1437 1154 tanta

298 1194 482 1259 citationum
509 1194 696 1259 biblicarum
727 1195 811 1257 mole
840 1213 880 1257 ue
908 1212 959 1257 me
988 1193 1145 1277 fugissent
1172 1210 1296 1256 uererer
1323 1193 1438 1274 aliquot

296 1298 367 1378 loci,
390 1298 604 1382 duodeuiginti
625 1299 709 1363 locos
725 1298 804 1363 mihi
817 1298 966 1362 iudicauit
989 1316 1073 1361 ame
1089 1300 1182 1360 antea
1203 1297 1437 1379 praetermissos

296 1400 399 1484 (uelut
417 1402 471 1466 IV.
488 1402 577 1466 Esdr.
602 1420 668 1485 cap.
689 1400 753 1486 14),
777 1401 905 1467 Samuel
919 1402 1059 1484 Bargcr
1082 1404 1114 1465 et
1128 1401 1309 1465 Theodorus
1324 1402 1437 1481 Zahn,

296 1506 350 1587 qui
376 1506 416 1569 ad
442 1506 639 1588 quaestiones
666 1505 798 1571 biblicus
821 1505 901 1569 mihi
926 1505 1165 1588 responderunt,
1187 1505 1330 1570 Adamus
1353 1506 1437 1569 deni-

296 1627 356 1690 qne
379 1609 558 1690 Eussner,
581 1610 630 1674 uir
652 1609 858 1675 humanitatis
882 1608 1022 1673 eximiae.

340 1711 457 1792 Quodsi
479 1716 681 1778 cunctantem
704 1732 754 1777 me
778 1715 810 1777 et
825 1712 979 1795 quaedam
1001 1712 1128 1796 incepta
1149 1713 1250 1797 magis
1266 1730 1362 1795 quam
1383 1713 1437 1778 ab·

296 1818 399 1881 soluta
422 1836 490 1881 esse
516 1817 753 1901 intellegentem
780 1836 844 1882 non
869 1817 961 1899 pauci
989 1822 1179 1881 monuerunt
1205 1817 1266 1881 uiri
1288 1818 1380 1897 docti,
1402 1821 1437 1881 ut

295 1924 414 2004 quanta
441 1940 566 2004 possem
597 1923 756 1986 celeritate
786 1941 867 2004 quae
901 1922 1093 1986 inuenissem
1125 1922 1259 2003 ederem,
1294 1922 1436 2003 equidem

296 2026 440 2108 quamuis
457 2044 549 2109 saepe
564 2026 732 2109 impeditus
748 2026 889 2090 muneris
904 2025 1023 2109 publici
1041 2025 1194 2109 angustiis
1209 2030 1317 2090 tamen
1332 2027 1437 2109 negle-

295 2149 369 2213 gere
395 2130 427 2193 id
449 2130 614 2193 consilinm
635 2130 721 2194 nolui
749 2133 780 2193 et
802 2130 861 2194 hac
888 2148 960 2194 mea
983 2131 1118 2194 editione
1144 2131 1283 2214 principe
1310 2132 1436 2211 eiusque

296 2233 529 2297 commentariis
553 2237 585 2298 et
599 2233 753 2298 indicibus
768 2234 861 2298 firma
876 2235 990 2298 saltem
1004 2234 1210 2299 fundamenta
1232 2238 1263 2298 et
1278 2234 1437 2299 substruc

296 2337 415 2401 tionem
437 2336 532 2401 fidam
548 2357 598 2401 me
619 2356 817 2420 comparasse
833 2357 934 2421 spero,
956 2338 1118 2420 inquibus
1141 2339 1274 2403 alionum
1288 2339 1438 2402 insistant

296 2443 328 2503 et
343 2440 559 2524 theologorum
583 2445 614 2505 et
629 2442 860 2525 philologornm
883 2444 996 2506 studia.
1040 2442 1176 2506 Prodeat
1200 2442 1297 2526 igitur
1320 2446 1437 2523 auctor,

295 2563 390 2627 quem
416 2549 483 2611 tam
508 2547 603 2630 longa
625 2550 744 2612 texerat
766 2547 892 2628 obliuio,
919 2548 1132 2631 propitiosque
1158 2548 1298 2612 inueniat
1319 2547 1436 2611 iudices

296 2652 328 2713 et
351 2649 411 2713 sibi
434 2654 464 2714 et
488 2651 606 2715 editori.

341 2855 523 2921 Scribebam
546 2857 744 2941 Wirceburgi
767 2877 875 2922 mense
898 2859 1043 2943 Augusto
1066 2877 1093 2923 a
1114 2856 1206 2922 1888.

1031 3131 1197 3234 Georgius
1224 3131 1383 3234 Schepss.
