3175 5075
658 542 825 595 tractatus
842 540 875 595 X.
1294 523 1336 589 99

191 697 349 781 intellege,
373 718 410 762 er
430 698 490 763 alia
511 702 600 782 parte
624 697 888 786 maledictionum
903 700 1076 783 disciplina,
1100 719 1137 763 eu
1160 700 1220 764 alia
1243 700 1337 765 bene-

192 804 361 869 dictionum
384 806 485 888 gratia
515 805 682 869 constituta
705 808 764 886 est,
794 808 840 886 ut,
870 806 1015 886 quamuis
1038 805 1209 869 diuersae
1240 824 1337 869 man-

191 909 316 974 siones
333 910 408 974 sint
424 911 518 993 apud
535 910 642 974 deum
664 913 835 974 nostrum
857 927 1057 991 omnesque
1080 910 1190 973 uellit
1212 911 1337 974 saluos

191 1014 277 1078 fieri
300 1015 401 1080 etad
432 1016 662 1099 agnitionem
693 1015 870 1079 ueritatis
893 1014 1037 1094 uenire,
1067 1018 1208 1079 uestrum
1231 1018 1337 1079 tamen

150 1140 164 1178 ⁵
192 1119 297 1183 nullus
312 1120 435 1203 ignoret
449 1120 531 1202 quod
546 1120 628 1183 inter
644 1120 704 1184 duc
720 1138 829 1203 regna,
848 1119 930 1183 inter
949 1119 1167 1202 sinagogam
1183 1122 1338 1183 satanae

192 1227 224 1287 et
254 1226 452 1289 ecclesiam
483 1226 741 1289 mandatorum
771 1224 844 1305 dei,
874 1224 956 1288 idest
981 1223 1099 1287 saeculi
1121 1240 1215 1306 opera
1236 1227 1269 1287 et
1291 1224 1339 1287 dei

191 1328 298 1409 uerba,
322 1331 516 1394 conuersatio
530 1330 614 1394 uitae
631 1333 756 1395 nostrae
772 1332 821 1392 est
836 1332 868 1392 et
883 1328 942 1393 hoc
957 1329 1039 1410 quod
1055 1328 1104 1392 dei
1127 1330 1175 1392 est
1197 1331 1339 1392 nostmm

191 1432 311 1514 dicitur,
339 1433 417 1496 illud
438 1451 511 1498 uero
539 1434 621 1515 quod
648 1434 764 1497 saeculi
779 1430 789 1519 11
804 1436 853 1496 est
879 1433 952 1514 qnia
978 1432 1168 1496 contrarium
1191 1432 1247 1496 deo
1269 1432 1338 1496 ideo
1364 1444 1423 1497 136

192 1539 224 1600 et
239 1555 257 1599 a
272 1536 361 1601 nobis
377 1538 532 1602 inuenitur
548 1538 697 1618 alienum,
714 1540 746 1601 et
760 1537 838 1601 illud
853 1536 1080 1617 renuntiamus,
1097 1536 1156 1601 hoo
1171 1537 1338 1600 eredimus.

149 1662 177 1699 ιο
191 1639 302 1723 Sisque
332 1643 413 1705 inter
442 1642 619 1706 huiusmodi
649 1642 825 1707 constitutis
855 1642 928 1705 hinc
962 1641 1138 1705 diuinorum
1171 1642 1338 1723 promissio

191 1747 421 1826 mandatorum,
451 1746 522 1809 inde
546 1746 701 1811 zabolicae
732 1746 945 1828 temptationis
976 1746 1074 1809 instat
1095 1745 1236 1825 intentio,
1267 1745 1339 1808 hinc

190 1850 269 1914 fides
301 1850 425 1933 Christi,
460 1851 532 1915 inde
563 1851 679 1915 saeculi
709 1849 839 1932 perfidia
873 1849 1042 1933 persuadit,
1077 1849 1150 1913 hinc
1181 1868 1249 1932 par
1279 1868 1339 1932 pa-

190 1954 326 2019 tientia
357 1954 626 2039 longanimitas
650 1954 897 2020 mansuetudo
925 1957 1031 2017 cetera
1052 1971 1132 2035 quae
1162 1954 1340 2018 huiusmodi

191 2063 275 2139 sunt,
291 2060 362 2123 inde
377 2060 433 2124 ira
448 2060 597 2124 auaritiae
613 2077 774 2143 germana,
791 2058 995 2123 turnioatio
1011 2058 1111 2121 amica
1126 2058 1338 2138 tenebrarum,

148 2182 176 2222 15
191 2163 345 2228 ambitio
376 2164 518 2228 fortunae
550 2182 624 2229 suae
655 2164 770 2243 nescia,
802 2160 1032 2249 diuittiarnm
1062 2163 1213 2226 infelicior
1241 2163 1340 2245 cupi-

191 2268 308 2331 ditate
337 2268 518 2349 custodia,
549 2269 652 2332 furor
681 2268 868 2351 inperitus
904 2266 985 2347 deo,
1020 2266 1225 2332 oblectatio
1253 2287 1339 2330 ueu-

190 2371 260 2435 tris
284 2374 316 2435 et
337 2373 484 2455 gutturis
515 2373 635 2455 gloria
657 2371 925 2454 pudendorum,
949 2372 1141 2436 oculorum
1163 2371 1338 2435 uoluntas

190 2478 223 2540 et
257 2475 411 2541 zabolicae
446 2494 579 2560 pompae
612 2477 701 2542 uelut
735 2476 868 2560 simplex
901 2476 934 2540 in
965 2475 1252 2558 exspectaculorum
1286 2476 1339 2540 de-

190 2581 330 2664 ceptione
361 2582 530 2664 persuasio.
569 2581 607 2645 In
637 2600 717 2664 quae
748 2599 821 2646 cum
851 2600 907 2665 per
938 2581 1062 2645 diuersa
1090 2581 1184 2644 homo
1210 2581 1339 2664 rapitur,

147 2685 291 2750 souitae
315 2690 351 2750 et
373 2686 502 2751 mortis
525 2687 611 2750 aut'e
634 2704 699 2750 nos
723 2686 940 2750 condicione
962 2685 1165 2768 proposita,
1198 2690 1265 2749 tam
1288 2685 1339 2749 diu

189 2790 222 2853 in
239 2789 328 2855 nobis
344 2801 465 2875 pugnas
482 2791 598 2855 saeculi
614 2795 646 2855 et
660 2790 744 2854 bella
759 2790 928 2870 nescimus
952 2789 1101 2871 quamdiu
1117 2795 1339 2854 concursantes

190 2895 224 2959 in
246 2893 342 2980 (deo),
366 2896 467 2960 aliena
489 2896 721 2979 redarguentes
746 2895 863 2959 domini
885 2893 983 2958 uerba
1004 2897 1183 2968 teneamus3
1216 2912 1291 2957 nam
1313 2894 1340 2957 si

191 3000 273 3081 quod
296 2997 305 3086 11
327 2999 509 3083 corripimur
532 3000 731 3083 agnoscimus
755 3002 787 3064 et
809 3016 890 3080 quae
913 3001 987 3062 sunt
1009 2997 1141 3062 aduersa
1163 2999 1337 3078 uincamus,
1365 3006 1424 3060 131

297 3173 314 3228 2
336 3171 486 3246 Ιο.1ι1,2.Ι
548 3174 564 3226 3
587 3171 742 3240 omnesque]
766 3172 787 3225 I.
806 3170 875 3224 Tim.
892 3172 917 3234 2,
934 3173 960 3225 4.
1037 3173 1052 3225 5
1075 3170 1157 3239 apoc.
1177 3173 1202 3235 2,
1218 3172 1247 3234 9;
1270 3174 1294 3235 3,
1315 3174 1339 3226 9.

192 3258 262 3313 tici.
275 3258 297 3312 I.
311 3257 369 3313 Cor.
385 3260 425 3322 14,
438 3260 468 3321 4;
486 3259 510 3322 7,
525 3260 557 3313 19
575 3257 609 3312 al.
664 3261 696 3314 12
715 3257 774 3313 aar.
788 3261 812 3321 5,
825 3260 867 3313 22.
880 3259 921 3312 23.
990 3257 1088 3321 14111,
1107 3257 1214 3326 fornia]
1233 3256 1338 3312 casu.

192 3349 216 3408 5,
230 3347 272 3400 20.
287 3348 319 3401 19
338 3345 421 3414 (suar.
435 3345 511 3398 Rom.
527 3345 550 3409 1,
563 3345 615 3414 29).
674 3347 706 3400 15
725 3343 809 3412 amu]
827 3343 859 3397 oi.
882 3342 999 3412 Philipp.
1012 3346 1038 3408 2,
1051 3346 1074 3398 3.
1134 3342 1187 3396 diu.
1208 3343 1286 3412 cust]
1321 3343 1339 3396 f.

192 3432 274 3486 Sirae.
298 3434 332 3486 34
352 3431 415 3501 (31),
439 3434 452 3487 l
475 3431 597 3500 (Graecez
621 3427 740 3502 ἀγρυπνία
762 3430 888 3499 πλούτου).
978 3429 1050 3498 cup]
1073 3428 1106 3482 cf.
1128 3429 1149 3482 I.
1168 3429 1236 3482 Tim.
1256 3432 1281 3493 6,
1300 3432 1340 3485 10.

193 3521 227 3575 16
254 3519 305 3572 fur.
323 3519 376 3587 inp.
394 3518 432 3587 d]
451 3519 485 3572 cf.
504 3519 579 3572 Rom.
595 3521 635 3583 10,
648 3520 672 3573 2.
736 3516 932 3586 oblect.,glor.]
951 3515 1161 3585 philippam.
1228 3518 1260 3571 17
1279 3532 1341 3568 ocu-

191 3605 292 3674 lorum]
311 3606 331 3659 I.
345 3605 384 3660 Io.
397 3608 422 3669 2,
437 3608 475 3661 16.
530 3608 564 3662 20
583 3605 664 3660 Sirac.
680 3607 720 3670 15.
735 3607 775 3661 18.

238 3782 254 3834 a
276 3770 431 3845 vettium.
445 3779 621 3847 supressa
640 3779 729 3842 41,13
748 3777 781 3832 al.
854 3781 870 3832 5
888 3759 1148 3852 sr'rcaeocaor,
1165 3780 1233 3834 rex
1250 3788 1257 3836 ι
1273 3793 1339 3831 corr.

193 3886 209 3938 u
230 3871 295 3943 boo
318 3882 419 3951 scripsi,
443 3882 501 3936 coa.
526 3871 631 3943 homo
733 3883 749 3935 9
770 3870 865 3949 niuea]
886 3881 920 3936 cr.
939 3880 1019 3934 neu.
1038 3879 1200 3935 1111111.
1219 3881 1340 3946 111,318

194 3989 225 4042 11
249 3996 426 4065 noestam,
446 3999 477 4045 Ν
492 3987 530 4055 (in
546 3986 678 4054 ΑΝ11111.
692 3983 742 4038 del.
808 3988 840 4041 12
853 3973 1060 4069 pensandis]
1072 3983 1106 4038 ef.
1117 4000 1232 4052 suprap.
1242 3987 1285 4047 30,
1297 3985 1340 4045 18;

191 4093 234 4155 aa,
250 4094 283 4147 16
337 4073 1048 4171 alcmenae,eonaeuunuuaumpu.
1100 4091 1131 4144 17
1145 4079 1342 4155 uolontas]

191 4194 226 4249 cf.
238 4196 319 4259 earu
384 4197 417 4251 la
435 4204 565 4279 pompe
629 4175 991 4278 exspectacoio'nom]
1007 4192 1062 4246 uid.
1080 4192 1160 4246 Aren.
1178 4190 1196 4244 1.
1216 4191 1261 4246 lat.
1278 4191 1340 4245 Lex.

190 4332 245 4398 111,
258 4335 309 4390 325
364 4352 398 4406 ao
417 4309 604 4429 11111111.
624 4349 673 4404 del.
727 4353 761 4406 aa
777 4339 840 4412 δεο
860 4349 934 4402 deest
991 4305 1338 4432 caesarianensis

189 4457 229 4523 (in
248 4457 307 4522 Ru)
319 4454 367 4508 lin.
378 4453 427 4508 dcl.
484 4454 702 4522 timeamus]
715 4454 788 4508 nolui
799 4456 903 4507 mutare
912 4453 942 4506 in
950 4451 1058 4506 indicat.
1069 4451 1188 4516 modum,
1201 4451 1234 4505 of.
1245 4455 1287 4515 82,
1299 4452 1340 4506 18.

1151 4557 1183 4607 7st
