3175 5075
294 514 337 578 20
757 532 967 587 Priscilliani

294 689 373 753 eius
393 689 456 771 qui
472 694 530 754 est
550 690 592 754 de
609 691 727 771 eaelo,
744 693 775 754 et
790 690 1022 773 deponentes
1046 692 1252 755 secundnm
1273 690 1434 773 priorem

293 794 622 859 conuersationem
636 799 806 860 ueterem
822 795 1021 876 hominem,
1034 796 1098 878 qui
1113 795 1367 878 corrumpitur
1382 814 1434 859 se-

292 899 452 962 cundnm
474 899 663 964 desideria
686 900 840 980 erroris,
868 918 1094 964 renonemur
1115 901 1153 965 in
1176 899 1315 983 spiritu
1339 918 1434 963 man-

291 1003 342 1067 tis
366 1007 516 1068 nostrae
540 1004 740 1068 induentes
764 1023 900 1069 nouum
922 1005 1121 1085 hominem,
1145 1005 1208 1086 qni
1233 1006 1434 1068 secundum

291 1108 400 1171 deum
423 1111 571 1172 creatus
588 1113 645 1173 est
667 1109 704 1174 in
721 1110 930 1173 sanctitate
954 1114 990 1173 at
1006 1110 1160 1174 iustitia
1183 1113 1219 1172 et
1235 1109 1408 1174 ueritate.
1428 1107 1459 1195 1⁵

291 1210 414 1277 Scimus
438 1214 520 1278 enim
550 1217 581 1277 et
608 1214 754 1278 nouimus
781 1214 931 1296 quoniam
962 1215 1020 1279 dei
1051 1214 1279 1298 figmentum
1307 1232 1433 1277 sumus

290 1317 326 1380 in
350 1317 525 1400 operibus
548 1316 668 1398 bonis,
692 1337 785 1400 quae
808 1319 1057 1402 praeparauit
1079 1320 1179 1399 deus,
1210 1322 1249 1382 ut
1271 1316 1333 1403 <in>
1355 1318 1433 1382 illis

291 1421 540 1496 ambulemus3
564 1422 646 1487 sicut
668 1426 699 1487 et
721 1423 848 1507 Moyses
870 1424 928 1488 ait:
951 1423 1046 1488 fecit
1068 1425 1157 1488 dens
1180 1424 1369 1488 hominem
1391 1424 1434 1486 ad

290 1526 491 1610 imaginem
530 1530 567 1590 et
605 1528 901 1593 similitudinem
938 1546 1044 1592 suam
1082 1532 1117 1593 et
1154 1528 1361 1611 inspirauit
1398 1528 1433 1591 in

289 1630 425 1695 faeiem
453 1631 532 1695 eius
561 1631 879 1715 inspiramentum
902 1633 1006 1697 uitae
1036 1632 1218 1697 attactus
1247 1635 1306 1696 est
1328 1632 1470 1697 homero

289 1736 504 1799 inanimam
525 1735 661 1816 uiuam,
686 1740 717 1800 et
733 1738 851 1802 scimus
867 1738 1017 1819 quoniam
1032 1737 1144 1818 Enna,
1168 1756 1262 1819 quae
1279 1738 1434 1802 seducta

289 1844 346 1905 est
362 1844 398 1904 et
417 1841 519 1905 iacta
535 1844 592 1905 est
608 1840 641 1904 in
656 1842 1003 1924 praeuaricatione,
1026 1842 1241 1907 calcabitur
1256 1861 1321 1925 per
1335 1842 1434 1907 filio-

287 1964 367 2009 rum
387 1944 666 2028 procreatione,
691 1946 721 2009 si
737 1946 991 2029 permanserit
1007 1947 1044 2012 in
1066 1946 1144 2011 fide
1160 1951 1192 2012 et
1207 1965 1433 2031 recognoscens

287 2051 370 2131 quod
390 2068 426 2113 er
449 2049 516 2113 uiro
541 2068 596 2114 suc
617 2054 745 2133 sumpta
768 2054 826 2131 cst,
850 2054 882 2115 et
904 2051 1058 2134 pariens
1081 2051 1187 2116 filios
1210 2051 1248 2115 in
1272 2051 1435 2115 tristitia

225 2164 264 2217 24
288 2155 332 2219 ad
355 2155 477 2218 uirum
500 2156 578 2219 eius
608 2154 681 2219 erit
703 2152 914 2241 contluersic
942 2156 1066 2231 illins3
1097 2156 1179 2221 sicut
1206 2155 1359 2220 scribtum
1385 2160 1469 2220 esta

287 2259 320 2323 in
335 2257 470 2341 profeta:
494 2262 645 2342 propter
660 2258 728 2323 hoc
749 2278 834 2323 ecce
854 2278 935 2343 ego,
960 2260 1052 2324 dicit
1075 2260 1262 2342 dominus,
1286 2261 1434 2325 conclu-

287 2364 368 2427 dam
391 2364 491 2427 uiam
515 2364 649 2428 matris
673 2367 822 2428 uestrae
854 2363 1012 2428 sudibus
1048 2368 1083 2429 et
1117 2383 1189 2429 non
1220 2364 1433 2430 aedificabo

285 2468 359 2531 iter
387 2467 467 2531 cius
495 2471 531 2532 et
559 2468 715 2533 semitas
744 2486 832 2532 suas
861 2486 932 2533 non
960 2468 1152 2545 inueniet;
1183 2473 1433 2554 persequetur

286 2577 472 2638 amatores
502 2592 589 2638 suos
614 2576 649 2637 et
676 2592 747 2638 non
776 2575 1058 2658 conprehendet
1085 2593 1148 2639 eos
1177 2578 1213 2640 et
1240 2576 1340 2640 dicet
1363 2575 1432 2640 ‘ibo

285 2680 506 2742 etreuertar
530 2679 573 2742 ad
596 2679 717 2742 uirum
739 2698 861 2742 meum
882 2679 1048 2762 priorem
1070 2679 1157 2761 quia
1180 2680 1316 2744 melius
1339 2679 1467 2745 mihia

286 2785 374 2846 tunc
398 2786 478 2847 erat
500 2801 609 2865 quam
632 2784 756 2847 mcdc'.
789 2783 827 2847 In
854 2802 915 2865 quc
938 2802 996 2848 nos
1019 2785 1250 2869 intellegentes,
1277 2784 1432 2848 liberati

286 2886 369 2950 sicut
392 2886 546 2951 scribtum
570 2891 618 2952 est
641 2887 685 2951 ab
714 2891 821 2952 utero
847 2889 981 2952 matris
1008 2892 1161 2954 nostrae
1188 2908 1255 2954 nec
1282 2888 1433 2971 adquie-

285 2994 435 3055 scentes
459 2992 563 3056 carni
591 2996 626 3056 et
654 2992 843 3076 sanguini,
872 2992 1070 3058 elaboramus
1094 2997 1126 3058 et
1156 2995 1256 3058 sicut
1285 3013 1433 3059 eramus

285 3096 389 3159 serui
412 3097 561 3178 peceati
584 3097 621 3161 in
644 3100 816 3177 mertem,
840 3098 894 3162 ita
917 3098 1018 3162 serui
1041 3099 1216 3163 iustitiae
1239 3118 1367 3163 snmus
1390 3099 1434 3163 ad

285 3201 492 3282 iustitiam,
518 3200 522 3286 1
544 3202 678 3266 scientes
709 3203 782 3284 qnia
813 3202 888 3266 etsi
917 3203 948 3266 is
978 3204 1042 3285 qui
1068 3223 1088 3268 a
1113 3204 1208 3268 foris
1239 3207 1297 3268 est
1326 3204 1469 3270 hemon

285 3309 415 3369 noster
446 3307 716 3389 corrumpitur,
748 3308 811 3370 sed
843 3308 906 3389 qui
936 3308 1041 3372 intus
1072 3313 1131 3373 est
1159 3313 1365 3374 renouatur
1391 3313 1434 3390 et,

391 3549 404 3602 1
425 3547 597 3619 deponentes]
610 3549 677 3618 aph.
696 3553 721 3614 4,
735 3553 847 3606 22-24.
914 3553 930 3606 6
947 3550 1015 3621 Eph.
1034 3555 1059 3616 2,
1080 3555 1124 3615 10;
1142 3552 1366 3622 praepositionem
1387 3563 1431 3610 ΙΝ

285 3650 358 3688 merc
382 3651 469 3688 errore
488 3653 504 3689 a
521 3635 629 3690 librario
653 3638 779 3691 omissam
803 3655 858 3692 esse
881 3640 959 3706 puto;
983 3637 1016 3692 cf.
1036 3639 1107 3692 infra
1127 3639 1225 3693 codicis
1243 3639 1289 3693 fol.
1310 3641 1369 3703 145,
1387 3638 1434 3692 ubi

287 3733 332 3781 ce
355 3714 425 3782 atas
447 3723 555 3792 regnan.
626 3727 642 3780 e
662 3724 726 3779 san.
748 3727 770 3788 r,
783 3727 830 3788 aa
849 3728 873 3788 2,
888 3727 911 3779 a.
985 3727 1014 3780 11
1035 3725 1056 3779 1.
1071 3725 1138 3780 urm.
1152 3729 1176 3789 2,
1192 3729 1231 3783 14.
1247 3729 1291 3789 15;
1310 3726 1345 3780 cf.
1363 3724 1434 3779 infra

283 3809 366 3863 Prisc.
391 3827 448 3864 can.
472 3810 555 3866 LVII.
664 3811 835 3875 14Gen.3,
861 3814 900 3866 16.
991 3815 1023 3868 16
1048 3812 1112 3866 Hos.
1135 3815 1160 3876 2,
1184 3815 1209 3868 6.
1233 3818 1257 3870 7.
1346 3815 1380 3869 22
1399 3812 1432 3865 cf.

285 3895 343 3951 Gal.
364 3899 387 3963 1,
408 3901 447 3955 15.
469 3901 509 3954 16.
580 3902 615 3954 23
633 3898 713 3968 sicut]
734 3898 767 3953 cf.
786 3899 863 3952 Rom.
883 3902 907 3962 6,
928 3901 968 3954 le.
988 3901 1029 3956 18.
1101 3899 1189 3955 2511.
1209 3899 1268 3955 Cor.
1287 3902 1313 3964 4,
1333 3903 1374 3957 16.

330 4141 362 4195 13
389 4124 676 4224 pROCReALttONe]
704 4142 736 4196 de
755 4158 880 4212 oppressa
902 4142 931 4195 in
948 4142 1001 4195 fine
1023 4141 1217 4195 uocabulorum
1233 4143 1262 4197 Μ
1284 4142 1375 4196 littera
1399 4141 1430 4196 of.

284 4311 364 4364 supra
376 4295 445 4366 adp.
457 4301 481 4362 5,
491 4300 515 4352 9.
589 4302 621 4355 14
640 4255 873 4384 estfid'aletxts
961 4300 993 4354 21
1016 4308 1258 4382 ΙΝᾳυΑΕΝοε,
1284 4315 1314 4352 ex
1334 4309 1431 4382 quae

285 4451 398 4505 correxit
417 4463 488 4536 qvo
507 4469 577 4509 man.
597 4455 611 4508 I
681 4457 715 4511 23
734 4413 1158 4526 SANcUtNetlhssORAmUS
