3175 5075
629 534 799 584 tractatus
817 531 839 585 I.
1264 513 1307 577 23

160 692 365 771 putauerunt,
396 707 469 753 cum
498 688 651 754 scribtum
679 690 722 753 sit
752 690 842 771 quid
868 690 1038 754 lucidius
1066 689 1145 753 sole
1177 692 1214 752 et
1245 688 1307 753 hic

161 793 332 858 deficiet:
355 793 401 858 ita
418 793 594 858 infelicium
610 794 846 879 sacrilegiorum
869 794 1021 859 stultitias
1044 793 1247 876 ampliarunt,
1270 796 1307 857 ut

159 897 325 981 obpressus
347 898 499 964 caecitate
521 902 654 979 mentes,
677 918 739 981 quo
760 899 898 963 nefarius
921 898 1106 983 obligarent,
1129 896 1306 981 religiosius

159 1020 340 1067 consecrare
364 1022 398 1067 se
425 1004 573 1069 dicerent.
605 1002 786 1067 Anathema
814 1004 856 1068 sit
883 1003 938 1085 qui
959 1002 1187 1067 Nicolaitarum
1208 1002 1306 1066 forni-

133 1108 297 1173 rcationos
325 1111 357 1173 et
386 1108 575 1173 multimoda
600 1104 608 1193 11
635 1111 762 1173 ostensa
790 1108 825 1172 in
852 1108 1016 1173 scribtmis
1043 1125 1116 1171 cum
1143 1106 1306 1190 discipulis
1329 1119 1368 1173 at

158 1215 189 1277 et
212 1210 392 1277 doctoribus
416 1214 481 1277 suis
504 1213 670 1277 daemonia
691 1230 754 1277 non
777 1213 909 1277 damnat
931 1212 982 1276 uel
1005 1213 1059 1294 qui
1081 1229 1190 1276 eorum
1212 1229 1307 1294 opera

158 1319 328 1382 sectantur.
359 1318 495 1382 Pereunt
518 1317 572 1399 qui
595 1315 749 1383 Ofitarum
772 1318 806 1381 in
830 1336 863 1381 se
885 1316 1051 1401 perfidiam
1072 1319 1259 1399 receperunt
1274 1318 1306 1381 et

157 1422 202 1485 fili
217 1422 397 1505 uiperarum
420 1422 496 1487 facti
519 1422 656 1487 similem
680 1420 742 1488 sibi
764 1423 859 1486 deum
882 1440 976 1487 suum
998 1424 1031 1487 et
1046 1421 1208 1486 dominum
1231 1438 1305 1486 con·

156 1526 295 1591 fitentur.
327 1526 368 1591 Et
393 1527 468 1609 quia
489 1528 621 1611 longum
644 1531 692 1593 est
719 1526 764 1590 ire
787 1546 844 1610 per
867 1527 1006 1610 singula,
1034 1543 1144 1591 omnes
1167 1525 1304 1606 hereses,

121 1650 145 1689 ιο
157 1650 234 1712 quas
252 1631 311 1696 sibi
327 1632 470 1697 homines
494 1636 621 1697 mente
637 1633 806 1715 corrupti
822 1636 858 1696 et
873 1631 1049 1715 naufragi
1068 1650 1088 1695 a
1109 1630 1186 1696 fide
1202 1631 1254 1695 uel
1269 1650 1306 1694 er

157 1736 316 1800 canonicis
340 1737 503 1820 scripturis
527 1738 579 1801 uel
602 1756 639 1801 eu
662 1736 806 1820 apocrifis
830 1735 1025 1801 fabricarunt
1048 1753 1143 1819 snpra
1165 1753 1202 1799 ea
1224 1753 1305 1817 quae

157 1841 275 1924 scripta
297 1844 381 1922 sunt,
405 1861 486 1906 unus
509 1842 660 1907 aduersus
685 1842 822 1907 alterum
844 1840 972 1905 indatus
994 1858 1050 1924 pro
1071 1840 1143 1920 alio,
1167 1842 1199 1904 et
1214 1840 1305 1921 quid-

157 1946 229 2027 quid
253 1949 309 2010 aut
331 1944 500 2011 Saturnine
524 1946 644 2010 heresis
667 1946 791 2011 induxit
819 1949 875 2011 aut
895 1945 1075 2009 Nouatiana
1096 1945 1227 2027 protulit
1249 1948 1305 2009 aut

155 2049 293 2113 Basdide
320 2051 451 2115 docente
476 2048 480 2135 Ι
505 2051 696 2115 monstrauit
722 2053 777 2114 aut
798 2050 935 2115 Arriaca
961 2049 1088 2133 collegit
1115 2052 1169 2115 aut
1195 2049 1304 2113 Patre-

120 2171 142 2211 1⁵
155 2154 303 2237 prasiana
319 2156 432 2219 erudiit
448 2159 502 2221 aut
513 2154 761 2220 Homunoionita
776 2155 912 2219 mentita
927 2157 975 2219 est
991 2156 1047 2217 aut
1059 2152 1219 2237 Catafriga
1233 2173 1304 2236 per-

156 2259 255 2323 suasit
279 2263 334 2324 aut
357 2260 489 2343 amipuit
511 2260 693 2325 Borborita:
725 2259 857 2325 catolico
879 2261 912 2322 et
934 2259 991 2322 deo
1016 2257 1142 2323 Christo
1164 2258 1301 2322 credent'

155 2382 205 2427 ore
226 2382 301 2427 curn
321 2350 478 2445 omuibus,
502 2365 555 2446 qui
571 2363 649 2429 haec
671 2368 846 2446 sequuntur
870 2367 925 2427 aut
939 2363 1053 2428 docent
1075 2365 1131 2426 aut
1146 2361 1304 2427 uoluerint

155 2468 308 2550 adserere,
332 2470 535 2544 damnamus3
560 2488 694 2552 quorum
710 2470 861 2554 dogmata
882 2467 990 2532 omnia
1011 2466 1191 2531 diuinorum
1214 2467 1304 2531 testi-

154 2574 332 2639 moniorum
349 2575 431 2658 apud
447 2593 503 2640 nos
518 2575 588 2639 luce
604 2575 818 2654 dissoluimuS,
842 2593 913 2638 non
937 2573 1033 2655 quod
1056 2572 1302 2637 sufficientes

121 2679 272 2742 sosimus
297 2680 465 2763 cogitare
488 2679 633 2761 aliquid
657 2678 766 2743 nobis
789 2683 981 2760 tamquam
1004 2697 1045 2741 ex
1064 2677 1173 2741 nobis
1196 2677 1303 2760 ipsis,

155 2784 215 2846 sed
239 2783 482 2848 sufficientia
504 2787 634 2848 nostra
656 2803 697 2848 ex
720 2784 786 2848 deo
810 2785 876 2847 est.

195 2887 285 2952 Inter
300 2906 380 2969 quae
396 2891 503 2952 tamen
527 2905 645 2952 nouum
668 2888 787 2952 dictum
811 2891 844 2952 et
865 2905 929 2951 non
952 2887 1054 2951 dicam
1078 2887 1173 2966 facto,
1196 2887 1252 2950 sed
1272 2888 1304 2950 et
1325 2963 1332 2975 ‚

154 2992 304 3057 relatione
327 2992 506 3057 damnabile
530 3010 588 3056 nec
615 2993 679 3056 ullo
702 2989 712 3078 11
734 2995 807 3056 ante
834 2992 894 3056 hoc
917 2991 1054 3055 heretico
1082 2995 1209 3054 auctore
1231 3008 1301 3072 pro·
1325 3001 1365 3054 28

154 3097 253 3160 latum
283 3096 439 3182 sacrilegii
461 3097 550 3161 nefas
578 3097 611 3161 in
635 3115 725 3161 aures
753 3100 878 3161 nostras
900 3097 1010 3180 legens
1038 3095 1156 3159 Itacius
1179 3094 1302 3158 induxit

259 3307 272 3360 1
294 3305 374 3358 Siros.
390 3306 430 3368 17,
443 3307 485 3360 30.
541 3308 574 3361 10
592 3304 628 3358 ΙΙ.
642 3303 710 3358 Tim.
725 3307 750 3368 3,
762 3307 792 3368 83
811 3303 833 3358 Ι.
847 3303 915 3358 Tim.
930 3306 953 3368 l,
967 3304 1009 3358 19.
1065 3306 1097 3358 19
1115 3301 1151 3356 11.
1165 3300 1225 3356 Cor.
1238 3304 1262 3365 3,
1276 3305 1300 3357 5.

257 3481 292 3535 24
304 3479 343 3533 De
355 3478 439 3532 Itaoio
449 3478 483 3533 cf.
494 3495 560 3546 quae
573 3479 754 3547 congessimus
763 3479 792 3531 in
801 3477 905 3531 libello:
916 3477 1086 3541 ‘Priscilliam
1096 3476 1139 3530 ein
1148 3475 1300 3544 nouaufgef.

155 3565 363 3631 Schriftsteller'‚
377 3583 402 3636 p.
414 3568 437 3621 6.
450 3568 482 3621 15
495 3565 552 3634 (ubi
568 3565 690 3635 inprimis
703 3565 771 3618 ratio
783 3563 899 3619 hebetur
910 3566 1030 3635 Sulpicii
1040 3565 1143 3633 Seueri,
1156 3565 1300 3632 ebreuil,

155 3657 188 3707 47
199 3654 274 3724 sqq).

197 3864 413 3924 scuecrrsu
536 3872 696 3942 mercare,
727 3875 738 3924 r
766 3879 796 3916 ex
825 3874 832 3922 r
861 3864 1011 3916 conectam
1029 3862 1071 3914 eu
1194 3843 1300 3943 aad

157 4019 245 4088 urus]
266 4019 300 4075 of.
325 4021 435 4090 Drager,
458 4020 522 4074 hist.
541 4019 641 4090 Syntou
664 4019 689 4074 d.
708 4020 754 4074 lat.
774 4019 842 4090 Spr,
860 4019 883 4085 I,
901 4021 936 4075 34
1049 4020 1082 4074 17
1100 3974 1300 4101 sequuturos

156 4195 187 4248 20
206 4175 356 4274 smmum,
376 4211 406 4247 ex
426 4206 448 4255 υ
467 4195 505 4262 (in
523 4195 581 4261 su)
601 4204 608 4252 r
629 4209 695 4248 corr.
778 4196 813 4250 22
832 4203 868 4254 ετ
885 4195 956 4261 (ante
977 4195 1080 4261 ruore)
1101 4195 1159 4246 erat
1180 4134 1259 4272 seb',
1280 4202 1299 4252 s

156 4340 213 4410 etb
231 4351 278 4406 lin.
293 4352 342 4406 del.
402 4361 502 4434 facto
517 4368 547 4405 ex
563 4361 666 4434 factu
688 4367 754 4404 corr.
826 4354 861 4408 23
880 4309 1112 4430 δΑωΝΑὓΙΙθΙ,
1129 4361 1299 4420 eperperam

157 4453 257 4508 duabus
269 4456 316 4510 lin.
330 4456 380 4510 del.
394 4459 421 4510 et
444 4468 451 4514 1
472 4472 600 4526 supersor.
681 4457 714 4512 24
735 4437 875 4534 ardum,
897 4467 904 4515 t
924 4456 954 4510 in
973 4466 992 4516 c
1009 4454 1145 4526 inscripsit
1162 4455 1261 4511 manl
