3175 5075
280 496 323 559 64
745 514 956 568 Priscilliani

279 672 367 753 quid
383 671 547 735 lucidius
564 673 668 736 sole?
693 676 729 737 et
744 674 805 737 hic
828 674 999 754 deficiet,
1016 677 1048 737 et
1064 672 1153 737 alibi:
1178 673 1239 753 qui
1263 672 1424 735 aduocat

279 793 411 857 aquam
427 776 541 840 maris
559 780 595 840 et
611 778 756 861 spargit
774 795 854 840 eam
870 796 983 861 super
997 778 1134 841 taciem
1150 777 1268 840 totius
1284 780 1422 848 terrae3

278 880 450 944 dominus
466 880 556 944 deus
573 882 811 964 omnipotens
827 900 959 946 nomen
976 884 1033 945 est
1049 882 1096 962 ei,
1111 917 1155 927 -—
1170 880 1225 944 sed
1241 880 1286 943 hii
1303 898 1422 958 omnes,

278 985 472 1049 dilectissimi
499 985 623 1067 fratres,
654 986 850 1069 ignorantiae
872 986 1011 1050 tenebris
1035 986 1169 1051 inuoluti
1199 984 1310 1048 dubios
1335 1003 1422 1047 euer-

278 1092 351 1153 tuut
381 1091 413 1152 et
436 1091 669 1154 consentientes
701 1091 740 1155 ad
763 1092 947 1173 perditionis
971 1109 1045 1155 suae
1075 1091 1193 1174 pericla
1223 1090 1389 1153 deducunt.
1417 1085 1449 1174 l⁵

277 1192 334 1256 Hii
361 1196 435 1257 surrt
463 1194 557 1275 enim,
583 1196 665 1259 sicut
688 1195 841 1259 scribtum
865 1199 923 1276 est,
955 1195 1071 1259 nubes
1095 1195 1177 1258 sine
1205 1211 1302 1275 aqua
1328 1211 1420 1274 quae

279 1315 297 1361 a
319 1298 445 1361 uentis
469 1298 798 1380 circumferuntur,
823 1298 976 1364 arbores
1000 1299 1170 1363 autumni
1193 1297 1422 1361 sincfructi-

277 1400 347 1465 bus
371 1405 541 1466 mortuae
565 1406 602 1466 et
629 1403 862 1487 exstirpatae
885 1407 921 1468 et
943 1405 1085 1468 fluctus
1116 1403 1285 1467 laerones
1308 1402 1422 1465 maris

278 1510 496 1588 spumantes
528 1525 614 1571 suas
646 1509 917 1591 turpitudinen,
949 1509 1074 1572 sidera
1100 1508 1255 1571 fallacia
1285 1505 1421 1588 quibus

278 1614 483 1693 tempestas
501 1616 536 1676 ct
548 1612 670 1696 caligo
687 1612 930 1677 tenebrarum
945 1613 1252 1685 reseruatasunt3
1266 1629 1421 1692 quorum
1437 1629 1462 1664 ιο

278 1715 459 1779 iudicium
475 1716 563 1780 olim
578 1717 640 1780 uir
656 1717 807 1781 sufficit
821 1722 858 1781 et
872 1717 1035 1801 perditio
1051 1716 1105 1780 eis
1121 1735 1192 1781 non
1208 1715 1419 1779 indormiet.

277 1820 461 1884 Noscientos
493 1822 577 1884 enim
608 1839 699 1885 omne
728 1822 787 1885 hoc
810 1822 893 1903 quod
919 1822 1045 1885 uidetur
1067 1821 1225 1904 proposito
1248 1840 1303 1902 per
1327 1820 1422 1883 deum

277 1923 339 1989 fine
362 1926 536 2008 periturum
562 1930 593 1989 et
616 1926 684 1991 ideo
709 1926 914 1990 inluminatae
937 1926 1036 1989 fuisse
1057 1925 1203 1989 tenebras
1226 1928 1259 1987 et
1280 1925 1421 1987 facturae

216 2040 254 2093 85
280 2026 452 2114 inuenlltam
469 2049 537 2093 esse
554 2033 709 2111 naturam,
732 2034 768 2094 ut
783 2030 887 2094 diuisa
902 2033 1079 2113 temporum
1095 2030 1234 2093 numeris
1251 2032 1282 2091 et
1297 2029 1421 2092 dicrum

276 2132 494 2197 habitaculum
521 2138 718 2217 praestarent
740 2134 862 2199 homini
883 2134 1040 2199 laboranti
1063 2134 1197 2217 inopus
1221 2132 1340 2197 Christi
1363 2150 1420 2195 nec
1436 2150 1460 2187 1⁵

276 2237 485 2302 constitutum
508 2238 634 2303 diuinae
658 2239 832 2303 uoluntatis
855 2239 1027 2319 excederet,
1058 2239 1112 2319 qui
1135 2238 1174 2301 ad
1205 2237 1420 2320 praebendum

276 2342 375 2405 nostri
398 2343 610 2407 ministerium
633 2343 742 2407 diuina
764 2343 911 2407 instituta
926 2360 1051 2407 seruare
1074 2342 1242 2416 uoluisset;
1266 2342 1311 2405 sic
1335 2341 1421 2404 enim

276 2446 430 2511 scribtum
464 2450 513 2511 est
543 2446 580 2511 de
611 2446 687 2511 hiis:
722 2451 830 2530 pater
860 2450 987 2511 uester
1021 2446 1192 2511 diabolus
1227 2445 1271 2509 ab
1306 2444 1420 2508 initio

277 2552 432 2616 mendax
456 2552 543 2633 luit,
568 2556 600 2616 et
621 2571 749 2616 necesse
773 2556 831 2634 est,
861 2553 950 2617 ouius
974 2553 1101 2617 initium
1129 2551 1282 2616 mendacii
1307 2554 1421 2614 natura

277 2657 376 2737 dedit,
407 2657 494 2721 uiam
524 2657 666 2721 ueritatis
698 2660 805 2720 tenore
835 2676 898 2722 non
928 2657 1038 2740 possit.
1088 2657 1220 2740 Propter
1249 2656 1332 2738 quod
1362 2673 1420 2719 uos
1433 2673 1459 2710 oo

276 2761 381 2825 hortor
404 2765 436 2824 et
458 2779 580 2842 moneo,
604 2763 639 2826 ut
662 2762 726 2844 qui
747 2761 935 2844 baptizati
958 2761 996 2826 in
1019 2760 1172 2827 Christo
1196 2758 1200 2845 l
1226 2759 1420 2825 Christum

276 2865 458 2930 induistis
492 2865 646 2929 reiectis
682 2866 826 2930 saeculi
862 2865 1031 2930 tenebris
1065 2869 1256 2947 tamquam
1289 2864 1327 2928 in
1362 2863 1419 2927 die

275 2970 433 3034 honeste
461 2970 665 3034 ambuletis
697 2975 738 3051 et,
763 2971 845 3035 sicut
867 2971 1027 3054 apostolus
1054 2970 1109 3050 ait,
1139 2987 1245 3034 nemo
1273 2986 1339 3032 uos
1363 2969 1420 3032 de-

275 3075 476 3157 praedetur
492 3075 693 3138 secundum
710 3075 990 3158 philosophiam
1010 3075 1137 3139 mundi
1160 3074 1272 3138 huius
1289 3076 1326 3137 et
1348 3090 1419 3137 non

276 3180 479 3243 secundum
497 3179 700 3254 Christum3
725 3180 914 3264 sapientia
933 3180 1033 3244 onim
1055 3179 1166 3244 huius
1183 3178 1311 3244 mundi
1326 3178 1419 3243 stul·
1433 3201 1458 3240 a

275 3283 365 3347 titia
394 3287 452 3348 est
475 3284 570 3367 apud
601 3284 707 3348 deum
730 3289 762 3349 ct
793 3303 887 3366 quae
909 3285 1088 3349 uidentur
1115 3283 1295 3348 mortalia
1317 3285 1418 3356 sont3

380 3434 393 3487 1
414 3429 493 3484 Sirac.
509 3433 550 3495 17,
563 3433 604 3486 30.
658 3431 703 3499 qui
726 3431 849 3501 aduocat]
873 3432 956 3485 Amos
975 3435 999 3496 5,
1012 3435 1041 3495 83
1064 3429 1120 3485 Iob.
1138 3433 1162 3494 5,
1177 3433 1217 3486 10.
1271 3433 1289 3485 4
1308 3429 1354 3484 dil.
1372 3429 1418 3498 fr]

275 3517 308 3572 cf.
321 3518 374 3571 Iac.
390 3520 412 3581 1,
427 3519 467 3572 16.
482 3519 527 3580 19;
545 3520 570 3582 2,
583 3521 607 3573 5.
656 3522 672 3573 6
684 3535 723 3588 ep.
737 3517 872 3574 Iudaol2.
884 3521 924 3574 13.
974 3523 1006 3574 10
1019 3534 1132 3586 quorum
1144 3517 1286 3587 iudicium]
1299 3517 1336 3571 H.
1346 3517 1418 3570 Petr.

274 3607 298 3668 2,
312 3607 336 3659 3.
421 3604 504 3659 1810.
518 3607 594 3668 8,44.
677 3607 708 3660 21
734 3604 894 3670 (111327.
984 3607 1018 3661 22
1041 3603 1157 3674 reiectis]
1176 3604 1252 3657 Rom.
1268 3607 1309 3669 13,
1323 3606 1363 3660 12.
1378 3605 1417 3658 13.

274 3693 308 3746 23
327 3691 417 3760 nemo]
436 3689 491 3746 Col.
509 3693 533 3755 2,
550 3695 575 3748 8.
672 3695 705 3747 25
728 3691 870 3761 sapientia]
889 3690 911 3746 I.
926 3691 984 3747 Cor.
1000 3695 1084 3756 3,19;
1107 3691 1140 3746 cf.
1163 3691 1247 3745 Prisc.
1265 3690 1367 3760 prolog.
1390 3691 1418 3743 in

275 3794 387 3834 canones
406 3795 508 3833 necnon
527 3795 584 3833 can.
596 3778 635 3833 IV
653 3782 680 3834 ct
698 3778 844 3833 LXXXIX.
918 3782 952 3835 26
971 3796 1037 3848 quac
1055 3778 1193 3848 uidentur]
1212 3779 1248 3832 Π.
1263 3777 1322 3833 Cor.
1334 3780 1359 3842 l,
1374 3780 1418 3839 18;

274 3866 308 3922 cf.
322 3867 404 3921 Prisc.
418 3883 474 3920 can.
488 3866 534 3920 XI.

318 4001 333 4053 5
360 3979 547 4083 ΡΕῙΚΙίῦΙΑ,
576 4007 597 4056 U
627 3996 674 4051 lin.
703 3995 746 4050 del
835 4001 852 4054 8
881 3997 1055 4080 fMROClS]
1082 3996 1192 4052 Graece:
1223 3996 1320 4065 κύματα
1346 3992 1417 4065 ἄγρια

274 4105 290 4159 9
309 4085 581 4187 ton'prrohoom,
603 4113 614 4163 1
634 4118 663 4155 ex
684 4112 691 4160 r
712 4099 775 4155 fact.
867 4105 899 4157 14
917 4102 999 4156 uerba
1019 4089 1260 4161 rouro-bac.
1285 4101 1417 4169 serapeum

275 4263 392 4316 coartata
414 4262 563 4325 exarantur,
588 4258 621 4313 cf.
636 4261 677 4324 55,
691 4261 736 4322 233
756 4260 827 4323 ota
917 4262 949 4314 15
966 4219 1193 4344 1111265131ὶᾶ1
1281 4256 1367 4324 Nec]
1384 4253 1416 4310 tf·

273 4438 442 4506 suprascr
524 4437 557 4491 18
580 4372 807 4494 5111151υῶῗὲ
880 4436 912 4489 19
933 4443 1110 4494 maronae
1184 4435 1219 4487 25
1236 4441 1342 4520 ,xpm
